pi_time,voltage,test_duration
1647892292.380511,2.5142017273476363,0.002548694610595703
1647892292.3907955,2.5129516891995,0.0028488636016845703
1647892292.400783,2.5099515976439712,0.002841949462890625
1647892292.410754,2.512701681569872,0.002814769744873047
1647892292.420966,2.5142017273476363,0.0030176639556884766
1647892292.4309149,2.5034513992736596,0.002975940704345703
1647892292.4408479,2.5138267159031953,0.0029015541076660156
1647892292.4507508,2.5154517654957735,0.002814054489135742
1647892292.4607685,2.5134517044587543,0.0028324127197265625
1647892292.470761,2.5140767235328227,0.002825498580932617
1647892292.4807541,2.513701712088382,0.0028197765350341797
1647892292.4907668,2.512701681569872,0.002828836441040039
1647892292.5007408,2.512826685384686,0.002805471420288086
1647892292.5107384,2.5142017273476363,0.002803802490234375
1647892292.520894,2.513326700643941,0.0029578208923339844
1647892292.5311854,2.508576555681021,0.0031926631927490234
1647892292.5411735,2.5155767693105866,0.0031931400299072266
1647892292.5509171,2.5149517502365186,0.002961397171020508
1647892292.5610726,2.514451734977264,0.0031011104583740234
1647892292.5707817,2.51907687612537,0.002810955047607422
1647892292.5810857,2.513076693014313,0.0031249523162841797
1647892292.59085,2.4983262428662987,0.002899169921875
1647892292.6007807,2.5134517044587543,0.002841949462890625
1647892292.6107523,2.513576708273568,0.0028145313262939453
1647892292.6207798,2.513076693014313,0.002843141555786133
1647892292.6307545,2.5153267616809596,0.0028154850006103516
1647892292.6407475,2.5118266548661765,0.0028095245361328125
1647892292.6507342,2.5129516891995,0.002798795700073242
1647892292.660737,2.513701712088382,0.002801179885864258
1647892292.6707299,2.512701681569872,0.0027947425842285156
1647892292.6807306,2.514451734977264,0.002795696258544922
1647892292.690827,2.5142017273476363,0.002871274948120117
1647892292.7007568,2.513576708273568,0.002816915512084961
1647892292.710743,2.46682528153325,0.002808094024658203
1647892292.7207386,2.5139517197180092,0.0028035640716552734
1647892292.7307405,2.513576708273568,0.0028076171875
1647892292.7407649,2.51432673116245,0.002830028533935547
1647892292.7507353,2.5447026581621754,0.0028014183044433594
1647892292.7607338,2.513326700643941,0.0027990341186523438
1647892292.770772,2.4988262581255536,0.0028333663940429688
1647892292.7807596,2.514826746421705,0.0028231143951416016
1647892292.7907379,2.51195165868099,0.0028035640716552734
1647892292.800746,2.514576738792077,0.0028123855590820312
1647892292.8107374,2.551952879421369,0.002802610397338867
1647892292.8207967,2.513201696829127,0.0028564929962158203
1647892292.830756,2.5082015442365795,0.0028176307678222656
1647892292.8407404,2.5134517044587543,0.002804994583129883
1647892292.8508708,2.514576738792077,0.0029332637786865234
1647892292.8607898,2.513076693014313,0.0028541088104248047
1647892292.8707771,2.5149517502365186,0.0028352737426757812
1647892292.8807435,2.512701681569872,0.0028078556060791016
1647892292.8907526,2.469950376903592,0.002818584442138672
1647892292.9007342,2.5139517197180092,0.002801179885864258
1647892292.910732,2.5114516434217355,0.00279998779296875
1647892292.9207504,2.5134517044587543,0.002817392349243164
1647892292.9312606,2.5213269447920164,0.0033211708068847656
1647892292.9408524,2.5122016663106175,0.0029027462005615234
1647892292.9507577,2.4908260139774776,0.0028231143951416016
1647892292.960738,2.5152017578661456,0.0028052330017089844
1647892292.9707625,2.513076693014313,0.002827167510986328
1647892292.9807527,2.5142017273476363,0.002818584442138672
1647892292.9907808,2.514701742606891,0.0028433799743652344
1647892293.000749,2.5140767235328227,0.002813577651977539
1647892293.0107572,2.510076601458785,0.0028252601623535156
1647892293.020794,2.5149517502365186,0.0028488636016845703
1647892293.030761,2.5138267159031953,0.0028259754180908203
1647892293.04073,2.4784506363109227,0.0027964115142822266
1647892293.0509872,2.514701742606891,0.003053426742553711
1647892293.0607336,2.513076693014313,0.00279998779296875
1647892293.0707364,2.514451734977264,0.002802133560180664
1647892293.0807276,2.533452314828944,0.002794981002807617
1647892293.0906382,2.5134517044587543,0.002680540084838867
1647892293.1006377,2.4915760368663595,0.0026679039001464844
1647892293.110635,2.5149517502365186,0.0026650428771972656
1647892293.1206274,2.5122016663106175,0.0026581287384033203
1647892293.1306326,2.5138267159031953,0.0026640892028808594
1647892293.1406314,2.514451734977264,0.002663135528564453
1647892293.1506813,2.5139517197180092,0.002719402313232422
1647892293.1606526,2.5022013611255227,0.0026879310607910156
1647892293.1706421,2.513701712088382,0.0026726722717285156
1647892293.1806383,2.5142017273476363,0.0026688575744628906
1647892293.191191,2.5129516891995,0.0032372474670410156
1647892293.2006562,2.5152017578661456,0.0026733875274658203
1647892293.2106552,2.5129516891995,0.0026712417602539062
1647892293.2206106,2.4722004455702384,0.002639293670654297
1647892293.2311983,2.5138267159031953,0.003245115280151367
1647892293.2411866,2.514701742606891,0.0032351016998291016
1647892293.2511787,2.513576708273568,0.003226041793823242
1647892293.2611978,2.5477027497177036,0.003244161605834961
1647892293.2711732,2.5134517044587543,0.003222227096557617
1647892293.281178,2.4954511551255836,0.003227710723876953
1647892293.2911983,2.513701712088382,0.0032415390014648438
1647892293.3011992,2.5149517502365186,0.0032434463500976562
1647892293.3112078,2.514826746421705,0.0032525062561035156
1647892293.3212008,2.513576708273568,0.003247976303100586
1647892293.3311958,2.51432673116245,0.0032367706298828125
1647892293.3411841,2.51195165868099,0.0032262802124023438
1647892293.3511865,2.514701742606891,0.003228902816772461
1647892293.3611882,2.5138267159031953,0.003228902816772461
1647892293.371236,2.481200720236824,0.00327301025390625
1647892293.3811874,2.513076693014313,0.003226041793823242
1647892293.3911946,2.5125766777550584,0.0032405853271484375
1647892293.4011877,2.5139517197180092,0.0032291412353515625
1647892293.4111807,2.5339523300881988,0.0032291412353515625
1647892293.420622,2.514451734977264,0.0026557445526123047
1647892293.431199,2.492076052125614,0.003243684768676758
1647892293.441196,2.514451734977264,0.0032444000244140625
1647892293.4511788,2.513326700643941,0.0032291412353515625
1647892293.4606254,2.5152017578661456,0.0026521682739257812
1647892293.471224,2.5149517502365186,0.003266572952270508
1647892293.4812047,2.5138267159031953,0.003242015838623047
1647892293.4912264,2.4990762657551806,0.003264188766479492
1647892293.501204,2.5152017578661456,0.003242969512939453
1647892293.5111911,2.5139517197180092,0.0032334327697753906
1647892293.5211978,2.514451734977264,0.0032405853271484375
1647892293.531191,2.514701742606891,0.0032341480255126953
1647892293.5411878,2.512701681569872,0.0032312870025634766
1647892293.5511858,2.4987012543107396,0.0032279491424560547
1647892293.5611873,2.514576738792077,0.0032296180725097656
1647892293.5717268,2.514576738792077,0.0037686824798583984
1647892293.5811927,2.5140767235328227,0.0032329559326171875
1647892293.5908117,2.516826807458724,0.0028219223022460938
1647892293.6008763,2.5149517502365186,0.002858877182006836
1647892293.6109867,2.513201696829127,0.002834320068359375
1647892293.622693,2.5155767693105866,0.004694938659667969
1647892293.6305802,2.5244520401623585,0.0026226043701171875
1647892293.641195,2.514826746421705,0.0032434463500976562
1647892293.6511812,2.503576403088473,0.0032312870025634766
1647892293.661207,2.5149517502365186,0.0032494068145751953
1647892293.671205,2.514701742606891,0.0032520294189453125
1647892293.6812072,2.5140767235328227,0.003251314163208008
1647892293.6911228,2.5129516891995,0.0031585693359375
1647892293.7010972,2.5149517502365186,0.0031523704528808594
1647892293.7111006,2.5007013153477584,0.003155946731567383
1647892293.7211077,2.514576738792077,0.0031614303588867188
1647892293.7310908,2.5138267159031953,0.0031418800354003906
1647892293.741093,2.513201696829127,0.003144979476928711
1647892293.7510839,2.531452253791925,0.00313568115234375
1647892293.7613194,2.5125766777550584,0.0033550262451171875
1647892293.7711682,2.4898259834589678,0.0032067298889160156
1647892293.781109,2.5142017273476363,0.003162860870361328
1647892293.79122,2.513326700643941,0.0032587051391601562
1647892293.801214,2.513326700643941,0.003258943557739258
1647892293.8106709,2.5152017578661456,0.0026845932006835938
1647892293.8210588,2.5138267159031953,0.0030558109283447266
1647892293.8312125,2.504951445051424,0.003255128860473633
1647892293.8411837,2.513701712088382,0.0032334327697753906
1647892293.8506715,2.5152017578661456,0.002720355987548828
1647892293.8612027,2.514701742606891,0.0032482147216796875
1647892293.871188,2.5149517502365186,0.0032372474670410156
1647892293.8811827,2.5140767235328227,0.0032324790954589844
1647892293.8911746,2.5140767235328227,0.0032243728637695312
1647892293.901175,2.514701742606891,0.003223419189453125
1647892293.9111753,2.512701681569872,0.0032253265380859375
1647892293.9211845,2.5139517197180092,0.0032320022583007812
1647892293.9311788,2.5139517197180092,0.0032210350036621094
1647892293.9412284,2.514576738792077,0.003271341323852539
1647892293.9512105,2.513576708273568,0.003250598907470703
1647892293.961183,2.5140767235328227,0.003224611282348633
1647892293.9711847,2.5125766777550584,0.003228902816772461
1647892293.9811852,2.513326700643941,0.0032274723052978516
1647892293.9906483,2.5140767235328227,0.0026679039001464844
1647892294.0007503,2.5140767235328227,0.0027701854705810547
1647892294.0112262,2.513701712088382,0.0032591819763183594
1647892294.0207646,2.513201696829127,0.0026412010192871094
1647892294.0311928,2.5138267159031953,0.0032393932342529297
1647892294.04118,2.51432673116245,0.0032286643981933594
1647892294.0511718,2.514451734977264,0.0032219886779785156
1647892294.061181,2.5139517197180092,0.0032291412353515625
1647892294.071194,2.5142017273476363,0.0032405853271484375
1647892294.0817645,2.514826746421705,0.0038039684295654297
1647892294.091199,2.5142017273476363,0.003245830535888672
1647892294.1011865,2.4842008117923524,0.0032291412353515625
1647892294.1111798,2.5134517044587543,0.003223419189453125
1647892294.1211805,2.5160767845698415,0.0032219886779785156
1647892294.131179,2.5139517197180092,0.0032210350036621094
1647892294.1411748,2.5162017883846555,0.003217458724975586
1647892294.1511807,2.512701681569872,0.003223896026611328
1647892294.1611855,2.4900759910885952,0.003228425979614258
1647892294.1711824,2.5142017273476363,0.0032236576080322266
1647892294.1811788,2.5129516891995,0.0032227039337158203
1647892294.1912029,2.512826685384686,0.003222227096557617
1647892294.2012222,2.5169518112735374,0.003264188766479492
1647892294.211188,2.512451673940245,0.0032341480255126953
1647892294.2212424,2.502826380199591,0.003278017044067383
1647892294.2311854,2.5154517654957735,0.0032329559326171875
1647892294.2411704,2.51432673116245,0.003220796585083008
1647892294.2506726,2.513576708273568,0.002719879150390625
1647892294.2612197,2.515076754051332,0.003261566162109375
1647892294.271199,2.5142017273476363,0.003239870071411133
1647892294.281195,2.4849508346812343,0.0032334327697753906
1647892294.2912211,2.5140767235328227,0.003238201141357422
1647892294.3011816,2.5142017273476363,0.0032224655151367188
1647892294.311189,2.5129516891995,0.0032300949096679688
1647892294.3211849,2.54045252845851,0.0032262802124023438
1647892294.331179,2.513701712088382,0.003220796585083008
1647892294.3411686,2.4977012237922303,0.003216981887817383
1647892294.351196,2.5162017883846555,0.003242015838623047
1647892294.3611884,2.5154517654957735,0.003230571746826172
1647892294.371179,2.5154517654957735,0.003221750259399414
1647892294.381202,2.5663283181249428,0.0032465457916259766
1647892294.3912218,2.5152017578661456,0.003239154815673828
1647892294.401184,2.50245136875515,0.003226757049560547
1647892294.411188,2.5157017731254006,0.003231048583984375
1647892294.4206054,2.4784506363109227,0.0026395320892333984
1647892294.4311934,2.517951841792047,0.003241300582885742
1647892294.441177,2.5154517654957735,0.0032258033752441406
1647892294.4511771,2.5142017273476363,0.003226757049560547
1647892294.4611902,2.517451826532792,0.0032372474670410156
1647892294.4711883,2.516826807458724,0.0032303333282470703
1647892294.48119,2.51432673116245,0.003231525421142578
1647892294.491181,2.5154517654957735,0.0032253265380859375
1647892294.5011854,2.5153267616809596,0.0032279491424560547
1647892294.5111852,2.4694503616443373,0.003228425979614258
1647892294.5211802,2.5177018341624198,0.003223419189453125
1647892294.531175,2.5158267769402145,0.003220796585083008
1647892294.5411723,2.5154517654957735,0.003216266632080078
1647892294.5511794,2.5162017883846555,0.003223419189453125
1647892294.5611773,2.5149517502365186,0.003221750259399414
1647892294.5710993,2.489075960570086,0.003140687942504883
1647892294.5811923,2.5155767693105866,0.0032320022583007812
1647892294.5905566,2.513076693014313,0.0025997161865234375
1647892294.6011827,2.5157017731254006,0.0032274723052978516
1647892294.6111758,2.518576860866115,0.003217458724975586
1647892294.6206853,2.51432673116245,0.0026247501373291016
1647892294.6311817,2.496201178014466,0.0032300949096679688
1647892294.6411717,2.5159517807550276,0.0032231807708740234
1647892294.6511676,2.514451734977264,0.003217458724975586
1647892294.6611657,2.4912010254219186,0.0032176971435546875
1647892294.6711922,2.514576738792077,0.0032393932342529297
1647892294.6811855,2.513076693014313,0.0032286643981933594
1647892294.6912153,2.4973262123477893,0.0032584667205810547
1647892294.701181,2.5153267616809596,0.003223419189453125
1647892294.711186,2.514826746421705,0.003230571746826172
1647892294.721185,2.5139517197180092,0.003229379653930664
1647892294.730577,2.516826807458724,0.002621173858642578
1647892294.7411973,2.513701712088382,0.0032396316528320312
1647892294.7511919,2.4898259834589678,0.003233194351196289
1647892294.761181,2.5138267159031953,0.003223896026611328
1647892294.7711816,2.512701681569872,0.0032265186309814453
1647892294.780677,2.4800756859035005,0.002688169479370117
1647892294.790687,2.5138267159031953,0.0027077198028564453
1647892294.8012168,2.513326700643941,0.0032541751861572266
1647892294.8112085,2.512451673940245,0.0032563209533691406
1647892294.8207414,2.513701712088382,0.0027818679809570312
1647892294.8312097,2.5129516891995,0.003253936767578125
1647892294.8411868,2.5129516891995,0.003235340118408203
1647892294.850674,2.512826685384686,0.0027213096618652344
1647892294.861202,2.51195165868099,0.003247499465942383
1647892294.8711715,2.510701620532853,0.003221273422241211
1647892294.8812037,2.51432673116245,0.0032491683959960938
1647892294.8912199,2.5129516891995,0.0032677650451660156
1647892294.9011858,2.512451673940245,0.00323486328125
1647892294.9111867,2.514826746421705,0.003235340118408203
1647892294.9211888,2.51432673116245,0.003231048583984375
1647892294.931193,2.5134517044587543,0.0032346248626708984
1647892294.9411888,2.5412025513473924,0.003231048583984375
1647892294.951176,2.5129516891995,0.0032186508178710938
1647892294.961185,2.513576708273568,0.003226757049560547
1647892294.9711747,2.5139517197180092,0.0032181739807128906
1647892294.9811764,2.5118266548661765,0.0032196044921875
1647892294.9911997,2.5118266548661765,0.003244638442993164
1647892295.0011947,2.512826685384686,0.0032401084899902344
1647892295.0111897,2.5117016510513626,0.003238677978515625
1647892295.0208373,2.513326700643941,0.0026650428771972656
1647892295.0312083,2.514826746421705,0.0032546520233154297
1647892295.04063,2.513701712088382,0.002655029296875
1647892295.0511804,2.512701681569872,0.0032286643981933594
1647892295.061184,2.514451734977264,0.003231048583984375
1647892295.071171,2.5120766624958035,0.0032126903533935547
1647892295.081106,2.513076693014313,0.003149271011352539
1647892295.0911834,2.5249520554216134,0.0032253265380859375
1647892295.1011734,2.513326700643941,0.0032165050506591797
1647892295.1111727,2.4954511551255836,0.003214597702026367
1647892295.1211627,2.5154517654957735,0.003206491470336914
1647892295.1311677,2.513076693014313,0.0032112598419189453
1647892295.1412146,2.5142017273476363,0.0032515525817871094
1647892295.151178,2.520826929532762,0.0032203197479248047
1647892295.1611688,2.513326700643941,0.0032117366790771484
1647892295.1711655,2.4864508804589986,0.003209352493286133
1647892295.1811671,2.515076754051332,0.0032110214233398438
1647892295.1906526,2.5140767235328227,0.0026733875274658203
1647892295.200645,2.513326700643941,0.0026662349700927734
1647892295.2111957,2.513576708273568,0.003232717514038086
1647892295.2209861,2.5140767235328227,0.0030317306518554688
1647892295.2311828,2.4895759758293408,0.0032291412353515625
1647892295.2411597,2.5153267616809596,0.003209829330444336
1647892295.2511556,2.5153267616809596,0.003206968307495117
1647892295.2611935,2.5159517807550276,0.0032396316528320312
1647892295.2711804,2.5159517807550276,0.0032265186309814453
1647892295.2811725,2.514576738792077,0.0032203197479248047
1647892295.2911797,2.4954511551255836,0.0032265186309814453
1647892295.3012054,2.51432673116245,0.003223419189453125
1647892295.311173,2.5154517654957735,0.0032155513763427734
1647892295.3211648,2.512826685384686,0.003206491470336914
1647892295.331167,2.515076754051332,0.003210783004760742
1647892295.3411694,2.513201696829127,0.0032112598419189453
1647892295.3511658,2.481825739310892,0.003209352493286133
1647892295.3611724,2.513326700643941,0.003219127655029297
1647892295.371205,2.512826685384686,0.0032432079315185547
1647892295.3811576,2.5142017273476363,0.0031981468200683594
1647892295.391181,2.5122016663106175,0.003227710723876953
1647892295.4005468,2.5114516434217355,0.002595663070678711
1647892295.4111595,2.512451673940245,0.003208637237548828
1647892295.42096,2.513076693014313,0.003007173538208008
1647892295.4311752,2.5117016510513626,0.003221750259399414
1647892295.441163,2.513326700643941,0.0032129287719726562
1647892295.4506135,2.5122016663106175,0.002639293670654297
1647892295.4611669,2.512826685384686,0.0032155513763427734
1647892295.471151,2.5125766777550584,0.0032029151916503906
1647892295.4811776,2.514701742606891,0.0032248497009277344
1647892295.4911783,2.5120766624958035,0.003220081329345703
1647892295.5005548,2.512826685384686,0.0025970935821533203
1647892295.511181,2.513701712088382,0.003222942352294922
1647892295.5212255,2.5115766472365486,0.0032682418823242188
1647892295.5311885,2.5138267159031953,0.0032281875610351562
1647892295.541161,2.513701712088382,0.0032024383544921875
1647892295.5506113,2.512701681569872,0.002650737762451172
1647892295.5612242,2.504951445051424,0.0032660961151123047
1647892295.5706522,2.514576738792077,0.002672433853149414
1647892295.5808675,2.5200769066438795,0.002891063690185547
1647892295.591948,2.512826685384686,0.0039806365966796875
1647892295.6012313,2.5337023224585713,0.0032711029052734375
1647892295.6111126,2.5117016510513626,0.0031642913818359375
1647892295.6205475,2.513201696829127,0.002599477767944336
1647892295.6311128,2.513326700643941,0.0031664371490478516
1647892295.6411128,2.510826624347667,0.0031659603118896484
1647892295.6510687,2.512326670125431,0.0031273365020751953
1647892295.6610813,2.5015763420514543,0.003138303756713867
1647892295.671083,2.4845758232367934,0.003136157989501953
1647892295.681078,2.513201696829127,0.0031337738037109375
1647892295.6910782,2.514576738792077,0.0031309127807617188
1647892295.701181,2.5242020325327315,0.003233194351196289
1647892295.7112584,2.518576860866115,0.0032291412353515625
1647892295.721166,2.5162017883846555,0.0032091140747070312
1647892295.7311573,2.5182018494216742,0.003202199935913086
1647892295.7411711,2.5199519028290656,0.0032165050506591797
1647892295.7511568,2.521576952421644,0.0032024383544921875
1647892295.7611582,2.518951872310556,0.003203153610229492
1647892295.7711623,2.5159517807550276,0.003207683563232422
1647892295.7811558,2.5139517197180092,0.003206491470336914
1647892295.7911885,2.5160767845698415,0.0032300949096679688
1647892295.8011937,2.512826685384686,0.0032427310943603516
1647892295.811169,2.5142017273476363,0.003212451934814453
1647892295.8209615,2.5120766624958035,0.003010272979736328
1647892295.830682,2.511201635792108,0.0027272701263427734
1647892295.841183,2.5138267159031953,0.0032296180725097656
1647892295.851295,2.5134517044587543,0.0033426284790039062
1647892295.8611994,2.482950773644215,0.003243684768676758
1647892295.871177,2.5125766777550584,0.0032248497009277344
1647892295.8811753,2.496076174199652,0.003223419189453125
1647892295.891165,2.5139517197180092,0.0032138824462890625
1647892295.9011717,2.5149517502365186,0.0032143592834472656
1647892295.9111774,2.52957719656972,0.0032205581665039062
1647892295.9211674,2.5162017883846555,0.0032100677490234375
1647892295.9311597,2.5202019104586935,0.0032045841217041016
1647892295.941166,2.5114516434217355,0.0032105445861816406
1647892295.9511633,2.5115766472365486,0.0032074451446533203
1647892295.9611683,2.5138267159031953,0.0032126903533935547
1647892295.9711673,2.5237020172734765,0.0032126903533935547
1647892295.9811668,2.5122016663106175,0.0032112598419189453
1647892295.9911928,2.5222019714957122,0.003237009048461914
1647892296.0011709,2.522701986754967,0.003214120864868164
1647892296.0111706,2.520826929532762,0.003210306167602539
1647892296.0205998,2.512451673940245,0.0026426315307617188
1647892296.0311935,2.512701681569872,0.003240346908569336
1647892296.0411632,2.512826685384686,0.0032129287719726562
1647892296.0511537,2.512326670125431,0.003206014633178711
1647892296.0611753,2.5134517044587543,0.003223896026611328
1647892296.0711706,2.513076693014313,0.003214120864868164
1647892296.0817275,2.5117016510513626,0.0037720203399658203
1647892296.0911832,2.5098265938291573,0.003225088119506836
1647892296.101167,2.508576555681021,0.003209352493286133
1647892296.1111727,2.5019513534958953,0.0032155513763427734
1647892296.1211689,2.513576708273568,0.0032129287719726562
1647892296.1311634,2.512826685384686,0.003207683563232422
1647892296.1411686,2.5025763725699637,0.0032134056091308594
1647892296.1511717,2.5098265938291573,0.0032150745391845703
1647892296.161164,2.5095765861995303,0.0032091140747070312
1647892296.1711643,2.508951567125462,0.003208160400390625
1647892296.1811666,2.509326578569903,0.003212451934814453
1647892296.1911645,2.505326456495865,0.0032091140747070312
1647892296.2011626,2.5120766624958035,0.0032062530517578125
1647892296.2111633,2.5109516281624806,0.003206968307495117
1647892296.2214053,2.5125766777550584,0.0034503936767578125
1647892296.231173,2.508701559495834,0.0032224655151367188
1647892296.2411559,2.508701559495834,0.003206968307495117
1647892296.251151,2.509201574755089,0.0032033920288085938
1647892296.2611709,2.513576708273568,0.0032196044921875
1647892296.2711706,2.513201696829127,0.0032148361206054688
1647892296.2811716,2.5134517044587543,0.003216981887817383
1647892296.2911723,2.5090765709402754,0.003215789794921875
1647892296.3011715,2.510451612903226,0.003215789794921875
1647892296.3112202,2.5099515976439712,0.003262758255004883
1647892296.3211765,2.5062014831995603,0.0032181739807128906
1647892296.3311725,2.512826685384686,0.003216266632080078
1647892296.3411574,2.513326700643941,0.003201007843017578
1647892296.3511684,2.5120766624958035,0.0032181739807128906
1647892296.3606439,2.5139517197180092,0.002657651901245117
1647892296.3713295,2.5134517044587543,0.0033719539642333984
1647892296.3806176,2.512826685384686,0.002645254135131836
1647892296.3911915,2.512701681569872,0.003236532211303711
1647892296.4011726,2.513701712088382,0.003215312957763672
1647892296.4111707,2.513576708273568,0.0032188892364501953
1647892296.4214034,2.512451673940245,0.003451108932495117
1647892296.4311888,2.512326670125431,0.0032339096069335938
1647892296.4411602,2.5118266548661765,0.0032110214233398438
1647892296.4511518,2.5109516281624806,0.003204822540283203
1647892296.461173,2.5062014831995603,0.0032210350036621094
1647892296.4711685,2.4928260750144964,0.0032112598419189453
1647892296.4811695,2.4845758232367934,0.003213644027709961
1647892296.4911664,2.513201696829127,0.003211498260498047
1647892296.501165,2.503576403088473,0.0032088756561279297
1647892296.5112069,2.5125766777550584,0.0032482147216796875
1647892296.520598,2.5140767235328227,0.0026280879974365234
1647892296.5311887,2.514576738792077,0.0032279491424560547
1647892296.5411716,2.512326670125431,0.0032167434692382812
1647892296.551168,2.515076754051332,0.00321197509765625
1647892296.56063,2.531577257606738,0.002653837203979492
1647892296.5707285,2.5158267769402145,0.0027463436126708984
1647892296.5811257,2.5244520401623585,0.0031616687774658203
1647892296.5911896,2.5197018951994385,0.0032334327697753906
1647892296.6011732,2.5239520249031036,0.0032155513763427734
1647892296.6111827,2.5184518570513017,0.003228902816772461
1647892296.621351,2.5152017578661456,0.003397226333618164
1647892296.6311858,2.5169518112735374,0.0032320022583007812
1647892296.6411545,2.5184518570513017,0.0032062530517578125
1647892296.6511483,2.5139517197180092,0.0031998157501220703
1647892296.6611753,2.5202019104586935,0.0032236576080322266
1647892296.6711688,2.518576860866115,0.0032126903533935547
1647892296.681168,2.5198268990142525,0.0032117366790771484
1647892296.6911752,2.5200769066438795,0.003218412399291992
1647892296.7011678,2.5239520249031036,0.0032112598419189453
1647892296.7111967,2.5198268990142525,0.0032172203063964844
1647892296.7211704,2.5164517960142825,0.0032138824462890625
1647892296.7311661,2.5195768913846246,0.003210306167602539
1647892296.7411401,2.514701742606891,0.0031850337982177734
1647892296.751162,2.5162017883846555,0.0032122135162353516
1647892296.7611494,2.5200769066438795,0.0031952857971191406
1647892296.7711563,2.5177018341624198,0.003206491470336914
1647892296.7811534,2.5159517807550276,0.003204822540283203
1647892296.7911587,2.512701681569872,0.0032095909118652344
1647892296.8011608,2.513701712088382,0.003206014633178711
1647892296.811185,2.5197018951994385,0.003235340118408203
1647892296.820815,2.515076754051332,0.002844572067260742
1647892296.8312125,2.521576952421644,0.0032579898834228516
1647892296.8411644,2.520326914273507,0.0032155513763427734
1647892296.850642,2.521826960051271,0.002692699432373047
1647892296.861203,2.5222019714957122,0.003247499465942383
1647892296.8711767,2.525577074495682,0.0032262802124023438
1647892296.8811707,2.5157017731254006,0.003216981887817383
1647892296.8911695,2.5134517044587543,0.0032186508178710938
1647892296.901168,2.5198268990142525,0.003213167190551758
1647892296.911199,2.5242020325327315,0.0032415390014648438
1647892296.9211593,2.520826929532762,0.0032033920288085938
1647892296.9311645,2.523076998199408,0.003209829330444336
1647892296.9411628,2.512826685384686,0.0032079219818115234
1647892296.951166,2.512451673940245,0.003209829330444336
1647892296.9611588,2.514451734977264,0.0032033920288085938
1647892296.9711618,2.5138267159031953,0.0032074451446533203
1647892296.9811587,2.4900759910885952,0.003204345703125
1647892296.99119,2.51432673116245,0.0032377243041992188
1647892297.0011709,2.513201696829127,0.003215789794921875
1647892297.0112057,2.5149517502365186,0.0032465457916259766
1647892297.021624,2.514701742606891,0.0036668777465820312
1647892297.031175,2.5117016510513626,0.0032231807708740234
1647892297.0411494,2.513701712088382,0.0032019615173339844
1647892297.05115,2.5140767235328227,0.0032036304473876953
1647892297.0611684,2.514576738792077,0.0032167434692382812
1647892297.0710807,2.5118266548661765,0.003126382827758789
1647892297.081171,2.5160767845698415,0.0032129287719726562
1647892297.0911682,2.512826685384686,0.003213167190551758
1647892297.1012177,2.513576708273568,0.003262758255004883
1647892297.1112132,2.514451734977264,0.003255605697631836
1647892297.1211696,2.5178268379772333,0.0032148361206054688
1647892297.1311693,2.5142017273476363,0.003214597702026367
1647892297.1411676,2.51432673116245,0.0032134056091308594
1647892297.1506605,2.51432673116245,0.0026731491088867188
1647892297.160635,2.5138267159031953,0.0026586055755615234
1647892297.1711895,2.51670180364391,0.0032303333282470703
1647892297.181176,2.518576860866115,0.0032258033752441406
1647892297.1911752,2.5158267769402145,0.0032188892364501953
1647892297.2012055,2.5149517502365186,0.0032508373260498047
1647892297.2112257,2.5157017731254006,0.0032672882080078125
1647892297.2215562,2.495701162755211,0.003605365753173828
1647892297.2311902,2.516826807458724,0.0032362937927246094
1647892297.2411637,2.514701742606891,0.0032160282135009766
1647892297.2511506,2.4815757316812648,0.003204345703125
1647892297.2611723,2.5154517654957735,0.0032224655151367188
1647892297.2711723,2.5180768456068607,0.0032172203063964844
1647892297.281162,2.506826502273629,0.003207683563232422
1647892297.2911687,2.5165767998290964,0.0032126903533935547
1647892297.3011634,2.5240770287179175,0.0032091140747070312
1647892297.311185,2.493451094088565,0.0032300949096679688
1647892297.3211656,2.516326792199469,0.003210783004760742
1647892297.331161,2.5199519028290656,0.003205537796020508
1647892297.3411663,2.437074373607593,0.003211498260498047
1647892297.3511634,2.514826746421705,0.0032100677490234375
1647892297.3611624,2.512701681569872,0.003212451934814453
1647892297.3712053,2.48582586138493,0.0032498836517333984
1647892297.3814623,2.56520328379162,0.003418445587158203
1647892297.390622,2.5139517197180092,0.002649545669555664
1647892297.401196,2.510826624347667,0.0032417774200439453
1647892297.4106371,2.518326853236488,0.002660512924194336
1647892297.421194,2.514576738792077,0.0032415390014648438
1647892297.431203,2.487575914792322,0.0032503604888916016
1647892297.4411817,2.5153267616809596,0.003229379653930664
1647892297.4511676,2.5153267616809596,0.0032186508178710938
1647892297.4611506,2.500326303903317,0.003202676773071289
1647892297.4711678,2.5159517807550276,0.003219127655029297
1647892297.4811711,2.5160767845698415,0.003221273422241211
1647892297.4911664,2.5010763267921994,0.0032110214233398438
1647892297.5011702,2.5159517807550276,0.003214597702026367
1647892297.5111678,2.5058264717551193,0.003212451934814453
1647892297.5252478,2.5140767235328227,0.002841472625732422
1647892297.532185,2.515076754051332,0.004218101501464844
1647892297.545717,2.5038264107181005,0.002826690673828125
1647892297.55174,2.439449446089053,0.0037736892700195312
1647892297.5608225,2.513701712088382,0.0028388500213623047
1647892297.5706277,2.513576708273568,0.002658843994140625
1647892297.5813696,2.48820093386639,0.003402233123779297
1647892297.590629,2.514701742606891,0.0026581287384033203
1647892297.6008587,2.5152017578661456,0.00284576416015625
1647892297.6108131,2.508576555681021,0.002805471420288086
1647892297.621046,2.5159517807550276,0.0030889511108398438
1647892297.6310723,2.51432673116245,0.0031092166900634766
1647892297.6408162,2.4819507431257057,0.0028679370880126953
1647892297.6507418,2.51432673116245,0.0028107166290283203
1647892297.660728,2.51432673116245,0.002796649932861328
1647892297.6707253,2.513326700643941,0.002793550491333008
1647892297.68073,2.51432673116245,0.002797842025756836
1647892297.690724,2.5122016663106175,0.0027921199798583984
1647892297.7007203,2.48345078890347,0.002790212631225586
1647892297.7107184,2.513576708273568,0.0027861595153808594
1647892297.720718,2.5114516434217355,0.0027883052825927734
1647892297.730723,2.504201422162542,0.002794504165649414
1647892297.7407246,2.513076693014313,0.0027942657470703125
1647892297.7507203,2.513576708273568,0.002791881561279297
1647892297.7607224,2.4902009949034087,0.0027930736541748047
1647892297.7707162,2.5139517197180092,0.002787351608276367
1647892297.7807136,2.513326700643941,0.002783536911010742
1647892297.790728,2.508576555681021,0.0027954578399658203
1647892297.8007255,2.513326700643941,0.0027968883514404297
1647892297.8107176,2.5138267159031953,0.0027892589569091797
1647892297.8207202,2.504451429792169,0.002789020538330078
1647892297.8307693,2.5139517197180092,0.0028328895568847656
1647892297.840732,2.5115766472365486,0.0027992725372314453
1647892297.850845,2.492076052125614,0.0029103755950927734
1647892297.860745,2.5139517197180092,0.0028150081634521484
1647892297.870732,2.512701681569872,0.0027997493743896484
1647892297.8807285,2.496201178014466,0.002796649932861328
1647892297.890749,2.513701712088382,0.002819538116455078
1647892297.9007561,2.513576708273568,0.0028243064880371094
1647892297.9107368,2.5047014374217964,0.0028030872344970703
1647892297.920722,2.512451673940245,0.002789020538330078
1647892297.9307256,2.5117016510513626,0.0027930736541748047
1647892297.940714,2.4977012237922303,0.002785921096801758
1647892297.9508293,2.5129516891995,0.002881288528442383
1647892297.9608212,2.5122016663106175,0.002872467041015625
1647892297.970745,2.503576403088473,0.002810239791870117
1647892297.9807267,2.514701742606891,0.002796649932861328
1647892297.9907541,2.510701620532853,0.002821207046508789
1647892298.0007362,2.469075350199896,0.0028045177459716797
1647892298.010745,2.5134517044587543,0.0028100013732910156
1647892298.020725,2.512326670125431,0.002791881561279297
1647892298.0307636,2.4815757316812648,0.0028302669525146484
1647892298.0407412,2.5125766777550584,0.002807140350341797
1647892298.0507252,2.51195165868099,0.0027930736541748047
1647892298.060724,2.479450666829432,0.002791881561279297
1647892298.0710123,2.5134517044587543,0.003083467483520508
1647892298.0807285,2.512451673940245,0.0027968883514404297
1647892298.0907178,2.4769505905331584,0.0027892589569091797
1647892298.1007197,2.5134517044587543,0.0027871131896972656
1647892298.1107192,2.5118266548661765,0.0027861595153808594
1647892298.1207125,2.475075533310953,0.002783536911010742
1647892298.130714,2.512326670125431,0.0027856826782226562
1647892298.140716,2.5122016663106175,0.002787351608276367
1647892298.1507175,2.4797006744590595,0.002788543701171875
1647892298.1607366,2.513076693014313,0.0028078556060791016
1647892298.1707253,2.5117016510513626,0.0027947425842285156
1647892298.180721,2.495951170384838,0.0027883052825927734
1647892298.190718,2.5122016663106175,0.002788543701171875
1647892298.2007213,2.510451612903226,0.0027909278869628906
1647892298.2108133,2.5134517044587543,0.0028693675994873047
1647892298.2207384,2.527827143162328,0.0028052330017089844
1647892298.23077,2.5115766472365486,0.0028345584869384766
1647892298.2407362,2.4955761589403975,0.0028028488159179688
1647892298.2507284,2.5478277535325176,0.0027971267700195312
1647892298.2607248,2.5114516434217355,0.002792835235595703
1647892298.270721,2.5153267616809596,0.002792835235595703
1647892298.2807186,2.5599531235694446,0.002789735794067383
1647892298.2907205,2.5095765861995303,0.002791166305541992
1647892298.3007166,2.513201696829127,0.0027878284454345703
1647892298.3107157,2.5580780663472398,0.002787351608276367
1647892298.3211174,2.496451185644093,0.0031304359436035156
1647892298.3306255,2.5140767235328227,0.002658367156982422
1647892298.3406062,2.5129516891995,0.002640962600708008
1647892298.3506148,2.415323709830012,0.0026543140411376953
1647892298.3606198,2.5140767235328227,0.002653360366821289
1647892298.370617,2.512326670125431,0.0026514530181884766
1647892298.3806393,2.4813257240516373,0.0026702880859375
1647892298.3906152,2.54045252845851,0.002650737762451172
1647892298.400622,2.513326700643941,0.002657651901245117
1647892298.4106183,2.514451734977264,0.0026535987854003906
1647892298.420713,2.5858289132358774,0.002640962600708008
1647892298.4312239,2.486950895718253,0.003265380859375
1647892298.4411745,2.514576738792077,0.0032243728637695312
1647892298.4511745,2.512701681569872,0.003224611282348633
1647892298.461171,2.4005732596819973,0.0032219886779785156
1647892298.471164,2.514701742606891,0.003209829330444336
1647892298.4811618,2.511201635792108,0.003206491470336914
1647892298.4912126,2.499326273384808,0.003236532211303711
