pi_time,voltage,test_duration
1648493300.6734688,2.5105766167180397,0.002605438232421875
1648493300.6837926,2.502076357310709,0.002910137176513672
1648493300.6937335,2.510826624347667,0.0028853416442871094
1648493300.7037935,2.5117016510513626,0.002949953079223633
1648493300.71402,2.510451612903226,0.003002643585205078
1648493300.7238998,2.509701590014344,0.0028836727142333984
1648493300.7341294,2.5117016510513626,0.003111600875854492
1648493300.74388,2.513201696829127,0.0028510093688964844
1648493300.753863,2.510701620532853,0.002882242202758789
1648493300.763953,2.509201574755089,0.0028715133666992188
1648493300.7741435,2.5105766167180397,0.003073453903198242
1648493300.783855,2.5099515976439712,0.002853870391845703
1648493300.7939713,2.5109516281624806,0.002888202667236328
1648493300.803913,2.5117016510513626,0.0028886795043945312
1648493300.8143313,2.5098265938291573,0.0032846927642822266
1648493300.82392,2.510701620532853,0.0027878284454345703
1648493300.8342013,2.51195165868099,0.003015756607055664
1648493300.8440166,2.511201635792108,0.002950429916381836
1648493300.8549383,2.510451612903226,0.0038492679595947266
1648493300.86437,2.5117016510513626,0.0032563209533691406
1648493300.8739758,2.5099515976439712,0.002895832061767578
1648493300.883831,2.5125766777550584,0.0028467178344726562
1648493300.893829,2.5114516434217355,0.0028548240661621094
1648493300.9037862,2.512326670125431,0.002809286117553711
1648493300.9137611,2.5090765709402754,0.0027990341186523438
1648493300.9237823,2.510451612903226,0.0028214454650878906
1648493300.9337924,2.5102016052735983,0.0028226375579833984
1648493300.943824,2.5095765861995303,0.002848386764526367
1648493300.9537842,2.5098265938291573,0.0028069019317626953
1648493300.9638286,2.508326548051393,0.002857208251953125
1648493300.973778,2.5023263649403362,0.0028073787689208984
1648493300.9840786,2.510826624347667,0.003086090087890625
1648493300.9937994,2.5095765861995303,0.002814769744873047
1648493301.0037727,2.504951445051424,0.0028061866760253906
1648493301.0137732,2.508701559495834,0.0028035640716552734
1648493301.023769,2.5082015442365795,0.0028045177459716797
1648493301.0337667,2.5082015442365795,0.0028040409088134766
1648493301.0437613,2.508451551866207,0.0027976036071777344
1648493301.0537574,2.508826563310648,0.0027947425842285156
1648493301.0637603,2.508576555681021,0.0027976036071777344
1648493301.0737555,2.5094515823847163,0.002793550491333008
1648493301.0837588,2.5074515213476976,0.002798318862915039
1648493301.093757,2.509701590014344,0.0027968883514404297
1648493301.1037583,2.508576555681021,0.00279998779296875
1648493301.1137567,2.5073265175328836,0.0027954578399658203
1648493301.123752,2.510826624347667,0.002794027328491211
1648493301.1337552,2.511076631977294,0.0027959346771240234
1648493301.1438084,2.5050764488662374,0.0028448104858398438
1648493301.1537912,2.5094515823847163,0.0028181076049804688
1648493301.1637673,2.5098265938291573,0.0028002262115478516
1648493301.1739995,2.5069515060884426,0.0030357837677001953
1648493301.183952,2.510076601458785,0.002874612808227539
1648493301.1939607,2.5070765099032566,0.002881288528442383
1648493301.2040358,2.510826624347667,0.0030517578125
1648493301.21418,2.5078265327921385,0.0031898021697998047
1648493301.2238169,2.5090765709402754,0.00283050537109375
1648493301.2338765,2.5078265327921385,0.0028829574584960938
1648493301.2440245,2.510451612903226,0.0030417442321777344
1648493301.2541168,2.5098265938291573,0.0030601024627685547
1648493301.2639096,2.510076601458785,0.0029027462005615234
1648493301.2741737,2.5109516281624806,0.0031659603118896484
1648493301.2838154,2.509201574755089,0.0028226375579833984
1648493301.2939818,2.5117016510513626,0.002981901168823242
1648493301.3040478,2.5125766777550584,0.003040313720703125
1648493301.313914,2.617829889828181,0.0029020309448242188
1648493301.3240237,2.510076601458785,0.0030410289764404297
1648493301.3338249,2.494951139866329,0.002834796905517578
1648493301.3440506,2.51432673116245,0.0030717849731445312
1648493301.354172,2.5240770287179175,0.0031065940856933594
1648493301.3644156,2.5139517197180092,0.003259420394897461
1648493301.3743682,2.481450727866451,0.0032181739807128906
1648493301.3842404,2.512326670125431,0.0028917789459228516
1648493301.3944585,2.512326670125431,0.003272533416748047
1648493301.4037893,2.514451734977264,0.0026237964630126953
1648493301.4143991,2.5164517960142825,0.003236532211303711
1648493301.4237924,2.5129516891995,0.0026412010192871094
1648493301.4343965,2.514826746421705,0.003240346908569336
1648493301.4443948,2.5125766777550584,0.003235340118408203
1648493301.4536004,2.5140767235328227,0.0027494430541992188
1648493301.4642994,2.4994512771996216,0.0031659603118896484
1648493301.4747455,2.5138267159031953,0.003618001937866211
1648493301.4842782,2.506701498458815,0.0031549930572509766
1648493301.4942703,2.5120766624958035,0.0031464099884033203
1648493301.5040917,2.506326487014374,0.0032300949096679688
1648493301.51359,2.5138267159031953,0.0027179718017578125
1648493301.5240173,2.514826746421705,0.0031709671020507812
1648493301.5340042,2.508451551866207,0.0031654834747314453
1648493301.544041,2.5117016510513626,0.0031900405883789062
1648493301.554013,2.5114516434217355,0.003175497055053711
1648493301.5634398,2.5095765861995303,0.0026040077209472656
1648493301.5739725,2.505326456495865,0.0031387805938720703
1648493301.5839972,2.5140767235328227,0.003159761428833008
1648493301.5939867,2.5118266548661765,0.003143787384033203
1648493301.6039865,2.5105766167180397,0.0031502246856689453
1648493301.613989,2.510326609088412,0.003147125244140625
1648493301.6239817,2.512326670125431,0.0031447410583496094
1648493301.6339912,2.510701620532853,0.0031490325927734375
1648493301.6439786,2.512451673940245,0.003137350082397461
1648493301.6540918,2.513201696829127,0.0032501220703125
1648493301.6640704,2.513326700643941,0.003217935562133789
1648493301.674076,2.506326487014374,0.003231525421142578
1648493301.684078,2.513326700643941,0.003228902816772461
1648493301.6940823,2.51195165868099,0.0032317638397216797
1648493301.7040863,2.5122016663106175,0.003238201141357422
1648493301.7140741,2.509201574755089,0.003225564956665039
1648493301.7240725,2.5077015289773246,0.0032286643981933594
1648493301.7340877,2.5099515976439712,0.0032422542572021484
1648493301.7434733,2.508576555681021,0.002616405487060547
1648493301.7542005,2.5139517197180092,0.003354310989379883
1648493301.7634888,2.50720151371807,0.0026311874389648438
1648493301.773993,2.5120766624958035,0.0031578540802001953
1648493301.7839925,2.512826685384686,0.0031540393829345703
1648493301.7939868,2.508951567125462,0.003147125244140625
1648493301.8039813,2.5114516434217355,0.0031385421752929688
1648493301.8139863,2.51432673116245,0.0031468868255615234
1648493301.82398,2.509201574755089,0.0031397342681884766
1648493301.833983,2.5154517654957735,0.003145456314086914
1648493301.843982,2.508326548051393,0.003147125244140625
1648493301.853984,2.5138267159031953,0.0031452178955078125
1648493301.8640842,2.512701681569872,0.0032346248626708984
1648493301.8736253,2.505701467940306,0.002759218215942383
1648493301.884373,2.516326792199469,0.003309965133666992
1648493301.8945618,2.512451673940245,0.00365447998046875
1648493301.9039733,2.5102016052735983,0.003085613250732422
1648493301.9135902,2.513201696829127,0.0026988983154296875
1648493301.9234993,2.5095765861995303,0.002642393112182617
1648493301.9334896,2.512701681569872,0.002642393112182617
1648493301.9435005,2.508451551866207,0.0026445388793945312
1648493301.954105,2.5142017273476363,0.00325775146484375
1648493301.9640403,2.5120766624958035,0.0031960010528564453
1648493301.9739988,2.512326670125431,0.003160238265991211
1648493301.9844542,2.510451612903226,0.0036165714263916016
1648493301.993994,2.513326700643941,0.0031599998474121094
1648493302.0039842,2.5138267159031953,0.0031480789184570312
1648493302.0139763,2.513201696829127,0.003139972686767578
1648493302.0239758,2.512826685384686,0.0031397342681884766
1648493302.0339782,2.5095765861995303,0.0031414031982421875
1648493302.0439777,2.5102016052735983,0.0031363964080810547
1648493302.0540135,2.51670180364391,0.003168344497680664
1648493302.064091,2.5153267616809596,0.003240823745727539
1648493302.0740743,2.5095765861995303,0.003225564956665039
1648493302.0840743,2.509326578569903,0.003224611282348633
1648493302.095107,2.513576708273568,0.004255771636962891
1648493302.1035533,2.5077015289773246,0.002677440643310547
1648493302.1141007,2.508826563310648,0.0032460689544677734
1648493302.1238801,2.513576708273568,0.0029938220977783203
1648493302.1341047,2.5102016052735983,0.0032501220703125
1648493302.1441274,2.513701712088382,0.0032744407653808594
1648493302.154092,2.5149517502365186,0.0032439231872558594
1648493302.1639824,2.5114516434217355,0.003142118453979492
1648493302.1739883,2.5125766777550584,0.0031516551971435547
1648493302.1840036,2.5118266548661765,0.0031654834747314453
1648493302.193991,2.512701681569872,0.0031490325927734375
1648493302.203984,2.5098265938291573,0.003148317337036133
1648493302.213985,2.513576708273568,0.003142118453979492
1648493302.2239838,2.507576525162511,0.003148317337036133
1648493302.233985,2.514826746421705,0.0031447410583496094
1648493302.2439828,2.508076540421766,0.0031414031982421875
1648493302.25398,2.5114516434217355,0.0031380653381347656
1648493302.263472,2.5115766472365486,0.002626180648803711
1648493302.2740853,2.510701620532853,0.003233194351196289
1648493302.2840793,2.513326700643941,0.0032286643981933594
1648493302.294296,2.512451673940245,0.0034427642822265625
1648493302.3035376,2.50720151371807,0.002685070037841797
1648493302.3135688,2.385947813348796,0.002701997756958008
1648493302.3236015,2.5105766167180397,0.0027184486389160156
1648493302.3334606,2.5117016510513626,0.002618551254272461
1648493302.3434849,2.512326670125431,0.002638101577758789
1648493302.3541024,2.4955761589403975,0.003263711929321289
1648493302.364107,2.5122016663106175,0.0032694339752197266
1648493302.3740807,2.512451673940245,0.0032427310943603516
1648493302.384098,2.5134517044587543,0.0032579898834228516
1648493302.3940842,2.511076631977294,0.003240346908569336
1648493302.4034572,2.5114516434217355,0.0026144981384277344
1648493302.4140933,2.5114516434217355,0.003247976303100586
1648493302.4240856,2.5065764946440017,0.003247499465942383
1648493302.4340796,2.510701620532853,0.003237009048461914
1648493302.4440773,2.51195165868099,0.0032341480255126953
1648493302.454072,2.5109516281624806,0.003230571746826172
1648493302.4640756,2.5114516434217355,0.003233671188354492
1648493302.4740734,2.5082015442365795,0.0032320022583007812
1648493302.4840748,2.5114516434217355,0.0032324790954589844
1648493302.4939604,2.508826563310648,0.0031189918518066406
1648493302.504083,2.512326670125431,0.003239154815673828
1648493302.5140765,2.511076631977294,0.0032329559326171875
1648493302.5240698,2.5117016510513626,0.0032269954681396484
1648493302.5334618,2.511201635792108,0.0026247501373291016
1648493302.5434723,2.510076601458785,0.002629995346069336
1648493302.5540862,2.5098265938291573,0.003247976303100586
1648493302.5640821,2.5118266548661765,0.0032439231872558594
1648493302.5735807,2.510076601458785,0.0026993751525878906
1648493302.5841033,2.5090765709402754,0.003263235092163086
1648493302.594089,2.512701681569872,0.0032472610473632812
1648493302.6040816,2.504451429792169,0.003238677978515625
1648493302.614075,2.5120766624958035,0.003232240676879883
1648493302.6240783,2.5129516891995,0.00324249267578125
1648493302.6340756,2.5114516434217355,0.003234386444091797
1648493302.6440778,2.5105766167180397,0.003237009048461914
1648493302.6540723,2.508951567125462,0.003229856491088867
1648493302.6634772,2.508826563310648,0.002629995346069336
1648493302.6740947,2.5114516434217355,0.003249645233154297
1648493302.6840777,2.512701681569872,0.0032346248626708984
1648493302.6940818,2.5134517044587543,0.0032393932342529297
1648493302.7040796,2.5165767998290964,0.003237485885620117
1648493302.7140749,2.5115766472365486,0.0032329559326171875
1648493302.7240741,2.5117016510513626,0.003233194351196289
1648493302.7340696,2.511076631977294,0.00322723388671875
1648493302.7434576,2.510826624347667,0.0026140213012695312
1648493302.7540777,2.5109516281624806,0.0032401084899902344
1648493302.7640676,2.508076540421766,0.0032303333282470703
1648493302.7740676,2.512701681569872,0.0032329559326171875
1648493302.784069,2.513201696829127,0.003233671188354492
1648493302.7940695,2.5115766472365486,0.003227710723876953
1648493302.8040717,2.5120766624958035,0.003230571746826172
1648493302.8140733,2.510326609088412,0.003231525421142578
1648493302.824067,2.510826624347667,0.0032265186309814453
1648493302.8340678,2.5113266396069216,0.0032281875610351562
1648493302.8440638,2.5113266396069216,0.0032231807708740234
1648493302.854068,2.5125766777550584,0.0032274723052978516
1648493302.8640683,2.512326670125431,0.0032320022583007812
1648493302.874075,2.511076631977294,0.003236055374145508
1648493302.8840685,2.5114516434217355,0.0032274723052978516
1648493302.8940709,2.513201696829127,0.0032296180725097656
1648493302.9040627,2.5118266548661765,0.0032215118408203125
1648493302.9140697,2.511201635792108,0.0032300949096679688
1648493302.9240987,2.511076631977294,0.003259897232055664
1648493302.9340763,2.510701620532853,0.003232240676879883
1648493302.9441133,2.510451612903226,0.003270864486694336
1648493302.9540775,2.509701590014344,0.0032396316528320312
1648493302.9640687,2.509326578569903,0.003231525421142578
1648493302.9740598,2.5047014374217964,0.0032243728637695312
1648493302.9864743,2.5102016052735983,0.005638599395751953
1648493302.9934728,2.5122016663106175,0.002630949020385742
1648493303.0040948,2.5118266548661765,0.0032501220703125
1648493303.014084,2.506451490829188,0.003238677978515625
1648493303.0240793,2.5115766472365486,0.0032389163970947266
1648493303.0340772,2.510451612903226,0.0032355785369873047
1648493303.0440662,2.5074515213476976,0.0032262802124023438
1648493303.054072,2.5122016663106175,0.003229856491088867
1648493303.063471,2.5062014831995603,0.002617359161376953
1648493303.0740929,2.510076601458785,0.003249645233154297
1648493303.0840757,2.510826624347667,0.003234386444091797
1648493303.0940723,2.5095765861995303,0.0032339096069335938
1648493303.104072,2.5120766624958035,0.0032317638397216797
1648493303.113532,2.5105766167180397,0.0026721954345703125
1648493303.1241107,2.5105766167180397,0.0032699108123779297
1648493303.1340883,2.510076601458785,0.003248453140258789
1648493303.14363,2.507576525162511,0.002745389938354492
1648493303.1541176,2.510701620532853,0.003276348114013672
1648493303.164091,2.5098265938291573,0.003252744674682617
1648493303.1740823,2.507951536606952,0.003243684768676758
1648493303.1840842,2.51195165868099,0.003247499465942383
1648493303.1940885,2.5070765099032566,0.003251791000366211
1648493303.2040854,2.510451612903226,0.0032415390014648438
1648493303.2140806,2.5074515213476976,0.0032427310943603516
1648493303.224077,2.510701620532853,0.003237009048461914
1648493303.2340732,2.5073265175328836,0.0032379627227783203
1648493303.244076,2.510826624347667,0.003234386444091797
1648493303.2540736,2.5113266396069216,0.0032312870025634766
1648493303.2641013,2.5098265938291573,0.0032351016998291016
1648493303.2740698,2.5113266396069216,0.003229379653930664
1648493303.2840707,2.5120766624958035,0.0032291412353515625
1648493303.2955725,2.512701681569872,0.004730224609375
1648493303.3041034,2.512451673940245,0.003264904022216797
1648493303.3140907,2.6140797753837703,0.00323486328125
1648493303.324097,2.512826685384686,0.003243684768676758
1648493303.3340695,2.5025763725699637,0.0032324790954589844
1648493303.343464,2.5117016510513626,0.002621173858642578
1648493303.3540542,2.5149517502365186,0.003217458724975586
1648493303.3634465,2.511076631977294,0.0026094913482666016
1648493303.3740587,2.509201574755089,0.003222942352294922
1648493303.3840601,2.5129516891995,0.0032248497009277344
1648493303.3939896,2.527452131717887,0.0027463436126708984
1648493303.4040985,2.513326700643941,0.003251314163208008
1648493303.4140775,2.5118266548661765,0.0032341480255126953
1648493303.4240606,2.51432673116245,0.0032186508178710938
1648493303.4341016,2.509701590014344,0.003255605697631836
1648493303.444074,2.514576738792077,0.0032303333282470703
1648493303.454061,2.5139517197180092,0.0032186508178710938
1648493303.464088,2.5117016510513626,0.003246307373046875
1648493303.4740543,2.508451551866207,0.0032134056091308594
1648493303.4835155,2.513326700643941,0.002656221389770508
1648493303.4946957,2.5090765709402754,0.0032739639282226562
1648493303.5040996,2.5117016510513626,0.003250598907470703
1648493303.5140836,2.5050764488662374,0.0032410621643066406
1648493303.5240762,2.51432673116245,0.003232240676879883
1648493303.534091,2.5098265938291573,0.0032548904418945312
1648493303.5434737,2.510326609088412,0.002627849578857422
1648493303.5540938,2.51195165868099,0.003255128860473633
1648493303.564107,2.5105766167180397,0.0032694339752197266
1648493303.5740767,2.508076540421766,0.0032372474670410156
1648493303.58406,2.513076693014313,0.0032227039337158203
1648493303.5940788,2.5129516891995,0.0032432079315185547
1648493303.6040618,2.509701590014344,0.003225564956665039
1648493303.614062,2.510826624347667,0.0032203197479248047
1648493303.6240647,2.5120766624958035,0.0032274723052978516
1648493303.6340656,2.512826685384686,0.003224611282348633
1648493303.6440642,2.5109516281624806,0.0032227039337158203
1648493303.654061,2.5102016052735983,0.0032186508178710938
1648493303.6640866,2.511201635792108,0.0032439231872558594
1648493303.674058,2.5065764946440017,0.0032176971435546875
1648493303.684054,2.509701590014344,0.0032126903533935547
1648493303.6940613,2.51195165868099,0.003221273422241211
1648493303.7040448,2.506326487014374,0.003209829330444336
1648493303.7140603,2.512701681569872,0.003226041793823242
1648493303.7240515,2.5082015442365795,0.0032112598419189453
1648493303.7340894,2.5115766472365486,0.0032498836517333984
1648493303.7435715,2.506326487014374,0.0026845932006835938
1648493303.7540915,2.513326700643941,0.003252744674682617
1648493303.764066,2.506451490829188,0.0032300949096679688
1648493303.7740562,2.514576738792077,0.0032219886779785156
1648493303.7840624,2.512826685384686,0.003224611282348633
1648493303.7940621,2.512326670125431,0.003220081329345703
1648493303.8040602,2.5125766777550584,0.0032188892364501953
1648493303.814057,2.513701712088382,0.0032165050506591797
1648493303.824057,2.5113266396069216,0.0032160282135009766
1648493303.8340545,2.512826685384686,0.003214120864868164
1648493303.8440573,2.5095765861995303,0.0032148361206054688
1648493303.854057,2.5159517807550276,0.0032167434692382812
1648493303.8640566,2.5109516281624806,0.003216266632080078
1648493303.8741028,2.508076540421766,0.003255128860473633
1648493303.8840659,2.510451612903226,0.003228902816772461
1648493303.8940842,2.5122016663106175,0.0032439231872558594
1648493303.9040642,2.5109516281624806,0.003222227096557617
1648493303.9140608,2.51432673116245,0.003225564956665039
1648493303.9235213,2.508076540421766,0.0026624202728271484
1648493303.9340878,2.5149517502365186,0.0032427310943603516
1648493303.9435847,2.5059514755699333,0.002700328826904297
1648493303.9540925,2.516826807458724,0.0032525062561035156
1648493303.9640765,2.5149517502365186,0.003239154815673828
1648493303.9740698,2.5118266548661765,0.0032334327697753906
1648493303.9846473,2.506701498458815,0.0038094520568847656
1648493303.9940856,2.51432673116245,0.003248453140258789
1648493304.0040724,2.5152017578661456,0.0032291412353515625
1648493304.0140588,2.514451734977264,0.003221750259399414
1648493304.0240624,2.512701681569872,0.003218412399291992
1648493304.0340714,2.51195165868099,0.0032329559326171875
1648493304.0440645,2.509201574755089,0.0032210350036621094
1648493304.0540628,2.513326700643941,0.003220796585083008
1648493304.064063,2.5139517197180092,0.0032215118408203125
1648493304.074053,2.5113266396069216,0.0032126903533935547
1648493304.0840511,2.50720151371807,0.0032110214233398438
1648493304.0940547,2.514826746421705,0.0032143592834472656
1648493304.104055,2.5105766167180397,0.0032138824462890625
1648493304.1140523,2.5077015289773246,0.003213167190551758
1648493304.1240504,2.516326792199469,0.0032100677490234375
1648493304.1340885,2.5109516281624806,0.003244161605834961
1648493304.1434662,2.512826685384686,0.0026204586029052734
1648493304.1540546,2.512326670125431,0.0032181739807128906
1648493304.1640608,2.5125766777550584,0.003226757049560547
1648493304.1740544,2.512451673940245,0.0032198429107666016
1648493304.1840522,2.513201696829127,0.003217935562133789
1648493304.1935296,2.514576738792077,0.0026683807373046875
1648493304.2040842,2.512451673940245,0.003238677978515625
1648493304.214078,2.5120766624958035,0.003234386444091797
1648493304.224063,2.5098265938291573,0.003221273422241211
1648493304.2340589,2.5142017273476363,0.0032181739807128906
1648493304.244064,2.5082015442365795,0.0032231807708740234
1648493304.2540593,2.5082015442365795,0.003216981887817383
1648493304.2640626,2.5138267159031953,0.0032219886779785156
1648493304.27406,2.511201635792108,0.0032196044921875
1648493304.2840583,2.509326578569903,0.0032176971435546875
1648493304.2941127,2.513201696829127,0.0032706260681152344
1648493304.3041103,2.5078265327921385,0.003270387649536133
1648493304.3140554,2.391447981200598,0.003220081329345703
1648493304.3240523,2.5125766777550584,0.0032193660736083984
1648493304.3340516,2.5122016663106175,0.003216981887817383
1648493304.3441129,2.513201696829127,0.0032715797424316406
1648493304.3540719,2.510326609088412,0.00323486328125
1648493304.3640604,2.5115766472365486,0.0032231807708740234
1648493304.3740537,2.5140767235328227,0.0032198429107666016
1648493304.3840601,2.5118266548661765,0.0032253265380859375
1648493304.3940525,2.511201635792108,0.003218412399291992
1648493304.40406,2.513576708273568,0.003220081329345703
1648493304.4140663,2.511201635792108,0.003224611282348633
1648493304.424064,2.5115766472365486,0.003222942352294922
1648493304.4340572,2.508576555681021,0.0032160282135009766
1648493304.444055,2.512326670125431,0.003214597702026367
1648493304.4540546,2.5125766777550584,0.0032150745391845703
1648493304.4640596,2.5118266548661765,0.0032186508178710938
1648493304.4739804,2.512326670125431,0.003140687942504883
1648493304.4840715,2.5105766167180397,0.003226757049560547
1648493304.4940646,2.506326487014374,0.0032231807708740234
1648493304.5040548,2.5122016663106175,0.0032150745391845703
1648493304.5140526,2.510326609088412,0.003213644027709961
1648493304.5240545,2.513076693014313,0.003213644027709961
1648493304.5340595,2.5114516434217355,0.003219127655029297
1648493304.5434601,2.5134517044587543,0.002619028091430664
1648493304.5540688,2.500826319162572,0.003232717514038086
1648493304.5640547,2.5120766624958035,0.003220796585083008
1648493304.5740526,2.510451612903226,0.003217458724975586
1648493304.5840523,2.5117016510513626,0.0032176971435546875
1648493304.5940552,2.5038264107181005,0.0032150745391845703
1648493304.6040595,2.5117016510513626,0.0032203197479248047
1648493304.614053,2.510701620532853,0.003213167190551758
1648493304.6240418,2.510826624347667,0.0032083988189697266
1648493304.6340506,2.512326670125431,0.003216981887817383
1648493304.6440551,2.510326609088412,0.0032150745391845703
1648493304.6540537,2.51195165868099,0.0032143592834472656
1648493304.6643627,2.5094515823847163,0.003264188766479492
1648493304.6741064,2.5105766167180397,0.0032587051391601562
1648493304.6840758,2.5113266396069216,0.0032351016998291016
1648493304.6940656,2.511201635792108,0.003225088119506836
1648493304.7040527,2.51195165868099,0.0032126903533935547
1648493304.7140512,2.518576860866115,0.003211498260498047
1648493304.723521,2.5114516434217355,0.0026624202728271484
1648493304.7342298,2.5117016510513626,0.003384828567504883
1648493304.7435386,2.5120766624958035,0.0026738643646240234
1648493304.7540812,2.5105766167180397,0.003245115280151367
1648493304.7640665,2.510326609088412,0.003232240676879883
1648493304.7740664,2.5105766167180397,0.003230571746826172
1648493304.7840643,2.5114516434217355,0.003228902816772461
1648493304.79408,2.5117016510513626,0.003240346908569336
1648493304.8040853,2.5122016663106175,0.0032494068145751953
1648493304.8141024,2.510451612903226,0.0032634735107421875
1648493304.8240693,2.5120766624958035,0.0032279491424560547
1648493304.8340762,2.5109516281624806,0.003237009048461914
1648493304.8440626,2.5114516434217355,0.0032198429107666016
1648493304.854058,2.512826685384686,0.0032167434692382812
1648493304.863514,2.5115766472365486,0.002659320831298828
1648493304.8742278,2.511201635792108,0.003358125686645508
1648493304.8835604,2.5149517502365186,0.0026578903198242188
1648493304.8940747,2.512826685384686,0.0032308101654052734
1648493304.9040663,2.512326670125431,0.0032317638397216797
1648493304.9140668,2.5114516434217355,0.0032243728637695312
1648493304.924102,2.5109516281624806,0.003260374069213867
1648493304.9340847,2.510326609088412,0.003245115280151367
1648493304.943456,2.510076601458785,0.002619504928588867
1648493304.954089,2.510326609088412,0.003252744674682617
1648493304.9640646,2.5102016052735983,0.0032300949096679688
1648493304.9740267,2.507576525162511,0.003193378448486328
1648493304.9840631,2.5070765099032566,0.003226757049560547
1648493304.9940596,2.5117016510513626,0.0032188892364501953
1648493305.0040555,2.510076601458785,0.003215789794921875
1648493305.0140562,2.508076540421766,0.0032138824462890625
1648493305.024045,2.5114516434217355,0.003204822540283203
1648493305.0340512,2.507576525162511,0.00321197509765625
1648493305.044047,2.5114516434217355,0.0032079219818115234
1648493305.054051,2.5129516891995,0.0032122135162353516
1648493305.0640535,2.5058264717551193,0.0032138824462890625
1648493305.074081,2.511201635792108,0.00324249267578125
1648493305.084055,2.5098265938291573,0.0032203197479248047
1648493305.094047,2.508576555681021,0.003213644027709961
1648493305.104059,2.510701620532853,0.0032188892364501953
1648493305.1140935,2.5113266396069216,0.0032525062561035156
1648493305.1240704,2.5098265938291573,0.003229856491088867
1648493305.1335247,2.5113266396069216,0.0026662349700927734
1648493305.1440995,2.5099515976439712,0.0032558441162109375
1648493305.1540747,2.510701620532853,0.0032379627227783203
1648493305.1640549,2.5082015442365795,0.003220796585083008
1648493305.1740847,2.509701590014344,0.003251314163208008
1648493305.1840608,2.5099515976439712,0.0032258033752441406
1648493305.1940627,2.5099515976439712,0.003222942352294922
1648493305.204063,2.510826624347667,0.0032243728637695312
1648493305.214061,2.5070765099032566,0.003221273422241211
1648493305.224056,2.510701620532853,0.0032167434692382812
1648493305.2340534,2.5065764946440017,0.003214120864868164
1648493305.2440517,2.509201574755089,0.003213167190551758
1648493305.2540495,2.5109516281624806,0.003210783004760742
1648493305.2640588,2.511076631977294,0.0032205581665039062
1648493305.2740824,2.510826624347667,0.0032434463500976562
1648493305.284054,2.510326609088412,0.0032148361206054688
1648493305.2941208,2.5113266396069216,0.0032815933227539062
1648493305.3034601,2.5125766777550584,0.0026199817657470703
1648493305.3140635,2.5878289742728966,0.0032281875610351562
1648493305.3240519,2.5165767998290964,0.003217935562133789
1648493305.3340511,2.5010763267921994,0.003219127655029297
1648493305.3440788,2.531327249977111,0.0032377243041992188
1648493305.3540688,2.513201696829127,0.003232717514038086
1648493305.3640497,2.4933260902737513,0.0032172203063964844
1648493305.3740714,2.5159517807550276,0.0032384395599365234
1648493305.3840435,2.514451734977264,0.0032122135162353516
1648493305.39405,2.5134517044587543,0.0032112598419189453
1648493305.404059,2.513076693014313,0.0032188892364501953
1648493305.4140506,2.5098265938291573,0.003218412399291992
1648493305.4240475,2.5149517502365186,0.0032095909118652344
1648493305.4340436,2.5129516891995,0.003205537796020508
1648493305.4440472,2.5129516891995,0.003209352493286133
1648493305.454043,2.513076693014313,0.0032052993774414062
1648493305.4639904,2.514701742606891,0.0031518936157226562
1648493305.4741023,2.49532615131077,0.0032536983489990234
1648493305.4840605,2.513201696829127,0.003220081329345703
1648493305.4940565,2.513201696829127,0.0032167434692382812
1648493305.5040567,2.505701467940306,0.0032172203063964844
1648493305.5140533,2.512701681569872,0.0032148361206054688
1648493305.5235198,2.5090765709402754,0.0026640892028808594
1648493305.5335662,2.5129516891995,0.0027213096618652344
1648493305.5435286,2.5099515976439712,0.002666473388671875
1648493305.5540948,2.5114516434217355,0.00325775146484375
1648493305.5640635,2.513326700643941,0.003228425979614258
1648493305.574063,2.506826502273629,0.0032303333282470703
1648493305.5840595,2.51195165868099,0.0032265186309814453
1648493305.5940566,2.51195165868099,0.0032236576080322266
1648493305.6040568,2.5138267159031953,0.0032165050506591797
1648493305.6140728,2.508701559495834,0.0032372474670410156
1648493305.6240542,2.5149517502365186,0.0032227039337158203
1648493305.6340523,2.5114516434217355,0.0032193660736083984
1648493305.6440544,2.5115766472365486,0.0032143592834472656
1648493305.6540573,2.5098265938291573,0.003223896026611328
1648493305.6640573,2.513076693014313,0.003216981887817383
1648493305.6737247,2.508826563310648,0.002816438674926758
1648493305.6834834,2.508076540421766,0.0026369094848632812
1648493305.6940742,2.5055764641254923,0.0032384395599365234
1648493305.704066,2.4987012543107396,0.0032253265380859375
1648493305.7140667,2.50245136875515,0.0032324790954589844
1648493305.7240624,2.503951414532914,0.003221750259399414
1648493305.734063,2.5047014374217964,0.003222942352294922
1648493305.7440898,2.500951322977386,0.0032546520233154297
1648493305.7540803,2.5058264717551193,0.0032439231872558594
1648493305.7640603,2.506701498458815,0.0032253265380859375
1648493305.7740507,2.505701467940306,0.003217935562133789
1648493305.7840614,2.5012013306070133,0.0032281875610351562
1648493305.7935262,2.509201574755089,0.0026607513427734375
1648493305.8035104,2.5090765709402754,0.002666473388671875
1648493305.8137546,2.4988262581255536,0.0028562545776367188
1648493305.8236742,2.5109516281624806,0.002773284912109375
1648493305.8353598,2.503951414532914,0.0028696060180664062
1648493305.8435955,2.507576525162511,0.002717733383178711
1648493305.853525,2.5025763725699637,0.0026748180389404297
1648493305.8635683,2.51195165868099,0.0026988983154296875
1648493305.8736193,2.500826319162572,0.0027604103088378906
1648493305.8841062,2.4988262581255536,0.0032405853271484375
1648493305.893986,2.5094515823847163,0.0031218528747558594
1648493305.903761,2.502826380199591,0.002903461456298828
1648493305.913641,2.509701590014344,0.002820730209350586
1648493305.9236624,2.502826380199591,0.0028400421142578125
1648493305.9336233,2.5047014374217964,0.0028018951416015625
1648493305.943638,2.504201422162542,0.0028176307678222656
1648493305.9536407,2.508576555681021,0.0028176307678222656
1648493305.963615,2.5070765099032566,0.0027964115142822266
1648493305.9736197,2.5078265327921385,0.0027992725372314453
1648493305.9833477,2.500576311532945,0.002524852752685547
1648493305.9936328,2.510326609088412,0.002808809280395508
1648493306.003815,2.506826502273629,0.0029687881469726562
1648493306.0136359,2.504951445051424,0.002811431884765625
1648493306.0236201,2.5034513992736596,0.002799510955810547
1648493306.0336108,2.5073265175328836,0.0027921199798583984
1648493306.0436227,2.504576433606983,0.0028023719787597656
1648493306.0536127,2.5014513382366403,0.002793550491333008
1648493306.0636098,2.5065764946440017,0.002790212631225586
1648493306.0736275,2.5105766167180397,0.002804994583129883
1648493306.0836225,2.4975762199774163,0.0028009414672851562
1648493306.0936182,2.5073265175328836,0.002798795700073242
1648493306.10362,2.510076601458785,0.0027968883514404297
1648493306.1136162,2.4987012543107396,0.0027959346771240234
1648493306.123617,2.506826502273629,0.002795696258544922
1648493306.133611,2.5029513840144046,0.0027916431427001953
1648493306.1436126,2.505326456495865,0.0027930736541748047
1648493306.1536458,2.5019513534958953,0.002824068069458008
1648493306.1636245,2.5018263496810813,0.0028023719787597656
1648493306.173618,2.510326609088412,0.0027971267700195312
1648493306.1836114,2.4948261360515156,0.002790212631225586
1648493306.1936424,2.506826502273629,0.002822399139404297
1648493306.2036188,2.505701467940306,0.002798795700073242
1648493306.2136166,2.500951322977386,0.0027968883514404297
1648493306.2236083,2.503701406903287,0.002788543701171875
1648493306.233611,2.5050764488662374,0.0027904510498046875
1648493306.2437024,2.5073265175328836,0.002867460250854492
1648493306.2544153,2.5012013306070133,0.0030040740966796875
1648493306.263648,2.5047014374217964,0.002825021743774414
1648493306.2736325,2.5098265938291573,0.0028095245361328125
1648493306.2836204,2.4970762047181614,0.0027980804443359375
1648493306.293745,2.501326334421827,0.002918243408203125
1648493306.3036673,2.5098265938291573,0.0028429031372070312
1648493306.313642,2.379697622608112,0.002819538116455078
1648493306.3236322,2.5114516434217355,0.0028090476989746094
1648493306.3336177,2.5118266548661765,0.0027985572814941406
1648493306.3437147,2.514701742606891,0.0028772354125976562
1648493306.353808,2.512826685384686,0.002966165542602539
1648493306.3636448,2.5095765861995303,0.002821683883666992
1648493306.3736265,2.511201635792108,0.0028023719787597656
1648493306.3836186,2.4585750297555466,0.0027959346771240234
1648493306.3936236,2.513326700643941,0.002801179885864258
1648493306.4036407,2.510826624347667,0.0028176307678222656
1648493306.413626,2.5007013153477584,0.0028035640716552734
1648493306.4236128,2.509701590014344,0.0027916431427001953
1648493306.4336212,2.513326700643941,0.002799510955810547
1648493306.4436202,2.496576189458907,0.002797842025756836
1648493306.4536166,2.512451673940245,0.0027947425842285156
1648493306.4639046,2.498076235236671,0.003083944320678711
1648493306.473622,2.511201635792108,0.0028040409088134766
1648493306.4836164,2.496451185644093,0.002795696258544922
1648493306.4936118,2.508701559495834,0.0027916431427001953
1648493306.5036485,2.504451429792169,0.002826690673828125
1648493306.5137126,2.502076357310709,0.0028710365295410156
1648493306.5236354,2.5059514755699333,0.0028145313262939453
1648493306.533625,2.504201422162542,0.0028030872344970703
1648493306.543713,2.507951536606952,0.0028755664825439453
1648493306.5536747,2.4990762657551806,0.0028481483459472656
1648493306.5636263,2.5070765099032566,0.0028076171875
1648493306.5737133,2.5012013306070133,0.0028777122497558594
1648493306.5840278,2.502076357310709,0.0031545162200927734
1648493306.5935264,2.504951445051424,0.0026803016662597656
1648493306.603714,2.499826288644063,0.0028486251831054688
1648493306.6135488,2.5023263649403362,0.0026988983154296875
1648493306.6235397,2.506451490829188,0.0026900768280029297
1648493306.6335173,2.5018263496810813,0.0026726722717285156
1648493306.6435244,2.505701467940306,0.0026695728302001953
1648493306.6535172,2.4990762657551806,0.002672433853149414
1648493306.6635282,2.509326578569903,0.0026743412017822266
1648493306.673527,2.5078265327921385,0.0026788711547851562
1648493306.6836314,2.5032013916440325,0.002655506134033203
1648493306.6940782,2.508326548051393,0.003237485885620117
1648493306.704081,2.5047014374217964,0.0032396316528320312
1648493306.714067,2.506451490829188,0.003233194351196289
1648493306.7240734,2.5038264107181005,0.0032339096069335938
1648493306.7340991,2.5065764946440017,0.0032625198364257812
1648493306.744094,2.505701467940306,0.003257274627685547
1648493306.7534695,2.5022013611255227,0.002625703811645508
1648493306.7640803,2.508451551866207,0.00324249267578125
1648493306.774066,2.5050764488662374,0.0032334327697753906
1648493306.783438,2.5033263954588456,0.002603769302368164
1648493306.7940683,2.50720151371807,0.0032286643981933594
1648493306.8040674,2.5033263954588456,0.003227710723876953
1648493306.814064,2.5062014831995603,0.003226041793823242
1648493306.8240576,2.504201422162542,0.0032248497009277344
1648493306.8340642,2.5033263954588456,0.003223419189453125
1648493306.84406,2.509326578569903,0.003221273422241211
1648493306.8540626,2.5007013153477584,0.003223419189453125
1648493306.8640614,2.507576525162511,0.003221750259399414
1648493306.874059,2.504951445051424,0.0032188892364501953
1648493306.8840876,2.5018263496810813,0.003248453140258789
1648493306.8940647,2.507576525162511,0.003224611282348633
1648493306.9040415,2.507576525162511,0.0031991004943847656
1648493306.9151866,2.503951414532914,0.002831697463989258
1648493306.9239511,2.500951322977386,0.0030660629272460938
1648493306.9337611,2.505326456495865,0.002884387969970703
1648493306.9434888,2.5030763878292186,0.0026466846466064453
1648493306.9534755,2.500826319162572,0.002634763717651367
1648493306.9640872,2.504451429792169,0.0032548904418945312
1648493306.9740896,2.5029513840144046,0.003236532211303711
1648493306.984184,2.4955761589403975,0.0033528804779052734
1648493306.9945154,2.509326578569903,0.003671407699584961
1648493307.003982,2.5007013153477584,0.003137350082397461
1648493307.01397,2.499826288644063,0.003129243850708008
1648493307.0239894,2.500201300088504,0.003144979476928711
1648493307.0339913,2.5018263496810813,0.0031461715698242188
1648493307.0439854,2.506076479384747,0.0031414031982421875
1648493307.0539868,2.500326303903317,0.0031435489654541016
1648493307.0639684,2.508576555681021,0.0031385421752929688
1648493307.073963,2.5025763725699637,0.003133058547973633
1648493307.0840662,2.5022013611255227,0.0032355785369873047
1648493307.093567,2.5069515060884426,0.0027146339416503906
1648493307.103497,2.505326456495865,0.0026373863220214844
1648493307.1140847,2.5058264717551193,0.0032491683959960938
1648493307.1240587,2.501326334421827,0.003218412399291992
1648493307.134067,2.508076540421766,0.0032351016998291016
1648493307.1435246,2.5012013306070133,0.0026693344116210938
1648493307.1540723,2.4985762504959257,0.003185272216796875
1648493307.164083,2.5054514603106783,0.003244161605834961
1648493307.1740797,2.503576403088473,0.003243684768676758
1648493307.1841621,2.494951139866329,0.0033292770385742188
1648493307.1939936,2.5047014374217964,0.003145456314086914
1648493307.2039914,2.501326334421827,0.003148317337036133
1648493307.2139688,2.5018263496810813,0.003138303756713867
1648493307.224015,2.5025763725699637,0.003166675567626953
1648493307.233958,2.5027013763847776,0.0031256675720214844
1648493307.2439928,2.504576433606983,0.0031473636627197266
1648493307.2539718,2.4994512771996216,0.003139972686767578
1648493307.2639928,2.509326578569903,0.003148317337036133
1648493307.2739646,2.500951322977386,0.0031337738037109375
1648493307.2839603,2.5058264717551193,0.003131389617919922
1648493307.2941184,2.506076479384747,0.0032770633697509766
1648493307.3034563,2.504076418347728,0.0026204586029052734
1648493307.31406,2.52957719656972,0.003226041793823242
1648493307.3240588,2.5019513534958953,0.003225564956665039
1648493307.3340561,2.46682528153325,0.0032241344451904297
1648493307.344057,2.5197018951994385,0.003217458724975586
1648493307.3541017,2.515076754051332,0.003264188766479492
1648493307.364064,2.444199591051973,0.0032296180725097656
1648493307.3740606,2.513201696829127,0.0032281875610351562
1648493307.384054,2.511201635792108,0.0032224655151367188
1648493307.3940609,2.5082015442365795,0.0032215118408203125
1648493307.4036179,2.5149517502365186,0.002783060073852539
1648493307.414102,2.5125766777550584,0.0032567977905273438
1648493307.4240766,2.5113266396069216,0.0032351016998291016
1648493307.434075,2.4837007965330975,0.0032341480255126953
1648493307.4440696,2.514701742606891,0.003229856491088867
1648493307.45406,2.4883259376812035,0.0032265186309814453
1648493307.4640589,2.513701712088382,0.003217935562133789
1648493307.4740634,2.4937011017181923,0.003221750259399414
1648493307.4840648,2.5095765861995303,0.003226757049560547
1648493307.4940104,2.4970762047181614,0.0031709671020507812
1648493307.5040667,2.5030763878292186,0.0032253265380859375
1648493307.5140676,2.5114516434217355,0.0032279491424560547
1648493307.5240586,2.4982012390514847,0.0032186508178710938
1648493307.5340633,2.5050764488662374,0.0032258033752441406
1648493307.5440583,2.5074515213476976,0.0032205581665039062
1648493307.5541153,2.500451307718131,0.0032770633697509766
1648493307.5641294,2.499701284829249,0.003247499465942383
1648493307.5741003,2.5105766167180397,0.003261566162109375
1648493307.5840638,2.506826502273629,0.0032300949096679688
1648493307.5940657,2.4972012085329753,0.0032248497009277344
1648493307.6040573,2.504326425977355,0.0032193660736083984
1648493307.6140609,2.507576525162511,0.0032231807708740234
1648493307.6235318,2.5050764488662374,0.0026712417602539062
1648493307.634075,2.504076418347728,0.0032300949096679688
1648493307.6447885,2.5078265327921385,0.003954172134399414
1648493307.6535053,2.50482644123661,0.00264739990234375
1648493307.6640785,2.4977012237922303,0.0032448768615722656
1648493307.674054,2.5102016052735983,0.0032138824462890625
1648493307.6840694,2.508701559495834,0.0032367706298828125
1648493307.69405,2.496576189458907,0.0032165050506591797
1648493307.7040565,2.5120766624958035,0.003223896026611328
1648493307.7140856,2.499826288644063,0.003249645233154297
1648493307.7240524,2.500951322977386,0.0032129287719726562
1648493307.7340596,2.5030763878292186,0.0032281875610351562
1648493307.7440536,2.506701498458815,0.003211498260498047
1648493307.753467,2.503951414532914,0.0026252269744873047
1648493307.7640724,2.4989512619403667,0.003236532211303711
1648493307.7740622,2.5070765099032566,0.003228425979614258
1648493307.7840571,2.50482644123661,0.003223896026611328
1648493307.7940586,2.502826380199591,0.0032196044921875
1648493307.8040636,2.5082015442365795,0.0032231807708740234
1648493307.8140612,2.5069515060884426,0.0032215118408203125
1648493307.8240552,2.502826380199591,0.003218412399291992
1648493307.8340626,2.503576403088473,0.0032236576080322266
1648493307.8440502,2.5062014831995603,0.003217458724975586
1648493307.8540585,2.512326670125431,0.0032205581665039062
1648493307.8640573,2.4967011932737204,0.003225564956665039
1648493307.8740542,2.510076601458785,0.0032150745391845703
1648493307.8840532,2.5082015442365795,0.0032167434692382812
1648493307.8940573,2.4990762657551806,0.0032198429107666016
1648493307.9035168,2.5099515976439712,0.0026581287384033203
1648493307.9140959,2.5010763267921994,0.0032584667205810547
1648493307.9240935,2.507951536606952,0.0032541751861572266
1648493307.934078,2.50007629627369,0.003238677978515625
1648493307.9440675,2.510826624347667,0.003228902816772461
1648493307.9535267,2.5038264107181005,0.002669811248779297
1648493307.9640708,2.506326487014374,0.0032351016998291016
1648493307.973765,2.5012013306070133,0.0028967857360839844
1648493307.9840887,2.511201635792108,0.003250598907470703
1648493307.9940252,2.50245136875515,0.003190279006958008
1648493308.004062,2.510451612903226,0.0032188892364501953
1648493308.0140631,2.5078265327921385,0.0032296180725097656
1648493308.0240498,2.5074515213476976,0.003214120864868164
1648493308.0340862,2.5027013763847776,0.003249645233154297
1648493308.0440564,2.5050764488662374,0.0032148361206054688
1648493308.0540638,2.51195165868099,0.0032324790954589844
1648493308.0640447,2.4979512314218573,0.0032062530517578125
1648493308.0740688,2.5007013153477584,0.00323486328125
1648493308.084067,2.511076631977294,0.0032274723052978516
1648493308.0940635,2.500576311532945,0.003223896026611328
1648493308.1040573,2.4973262123477893,0.003217935562133789
1648493308.1140518,2.510826624347667,0.0032143592834472656
1648493308.1240568,2.50007629627369,0.0032186508178710938
1648493308.1340466,2.5055764641254923,0.003209829330444336
1648493308.1440508,2.5017013458662682,0.003213644027709961
1648493308.1541085,2.506076479384747,0.0032684803009033203
1648493308.1640637,2.504576433606983,0.003229856491088867
1648493308.174058,2.504576433606983,0.003226757049560547
1648493308.1840546,2.513326700643941,0.003222227096557617
1648493308.1940491,2.500451307718131,0.003217458724975586
1648493308.2040534,2.5069515060884426,0.0032227039337158203
1648493308.2140546,2.5025763725699637,0.0032172203063964844
1648493308.2235696,2.5077015289773246,0.002730131149291992
1648493308.2340798,2.5027013763847776,0.003243684768676758
1648493308.2440658,2.5038264107181005,0.00322723388671875
1648493308.2540562,2.5090765709402754,0.0032193660736083984
1648493308.2640681,2.501326334421827,0.00322723388671875
1648493308.274053,2.4982012390514847,0.0032150745391845703
1648493308.284055,2.513201696829127,0.003217458724975586
1648493308.2940958,2.498451246681112,0.003256559371948242
1648493308.303469,2.4987012543107396,0.0026273727416992188
1648493308.3140793,2.3869478438673055,0.0032396316528320312
1648493308.3240619,2.5134517044587543,0.003223419189453125
1648493308.3340626,2.5109516281624806,0.0032248497009277344
1648493308.344065,2.4903259987182227,0.003222942352294922
1648493308.3541079,2.514701742606891,0.003265380859375
1648493308.364071,2.5113266396069216,0.0032320022583007812
1648493308.3740556,2.5099515976439712,0.0032186508178710938
1648493308.38406,2.4817007354960787,0.0032241344451904297
1648493308.3940656,2.513701712088382,0.003228902816772461
1648493308.4040687,2.514576738792077,0.0032262802124023438
1648493308.4140658,2.500951322977386,0.003222227096557617
1648493308.4240634,2.511201635792108,0.0032210350036621094
1648493308.4340665,2.508451551866207,0.003221273422241211
1648493308.4440649,2.5050764488662374,0.0032231807708740234
1648493308.4540594,2.505326456495865,0.003216266632080078
1648493308.464051,2.508451551866207,0.0032112598419189453
1648493308.4740465,2.5012013306070133,0.0032105445861816406
1648493308.4839928,2.510451612903226,0.003150463104248047
1648493308.494067,2.50007629627369,0.003221750259399414
1648493308.5040581,2.5007013153477584,0.0032155513763427734
1648493308.5140743,2.506701498458815,0.0032355785369873047
1648493308.5240645,2.5018263496810813,0.0032210350036621094
1648493308.5340705,2.504951445051424,0.0032281875610351562
1648493308.5440633,2.5032013916440325,0.0032205581665039062
1648493308.5535965,2.5065764946440017,0.002742767333984375
1648493308.5641289,2.503576403088473,0.0032749176025390625
1648493308.5740833,2.506451490829188,0.003243684768676758
1648493308.584069,2.504576433606983,0.0032317638397216797
1648493308.5939791,2.504201422162542,0.0031485557556152344
1648493308.603976,2.5012013306070133,0.0031418800354003906
1648493308.6139698,2.5038264107181005,0.003137350082397461
1648493308.623961,2.50007629627369,0.003133535385131836
1648493308.633963,2.506326487014374,0.003128528594970703
1648493308.6439605,2.500951322977386,0.003126382827758789
1648493308.6539655,2.5065764946440017,0.0031328201293945312
1648493308.663958,2.504451429792169,0.003126859664916992
1648493308.67402,2.499826288644063,0.0031783580780029297
1648493308.6839814,2.510451612903226,0.0031456947326660156
1648493308.6941385,2.5010763267921994,0.0031976699829101562
1648493308.7040675,2.5062014831995603,0.0032241344451904297
1648493308.7134602,2.5052014526810513,0.0026204586029052734
1648493308.72407,2.5047014374217964,0.00322723388671875
1648493308.7340639,2.5073265175328836,0.0032193660736083984
1648493308.7440605,2.5030763878292186,0.0032181739807128906
1648493308.7541115,2.508576555681021,0.003268718719482422
1648493308.7635317,2.501326334421827,0.0026717185974121094
1648493308.7740636,2.5025763725699637,0.003223419189453125
1648493308.7836657,2.508576555681021,0.0027878284454345703
1648493308.7941089,2.5017013458662682,0.00324249267578125
1648493308.8040783,2.502826380199591,0.003238677978515625
1648493308.8140595,2.50720151371807,0.0032165050506591797
1648493308.82405,2.500326303903317,0.0032160282135009766
1648493308.834075,2.508701559495834,0.003235340118408203
1648493308.8440695,2.4979512314218573,0.0032265186309814453
1648493308.8540833,2.509201574755089,0.0032460689544677734
1648493308.8640704,2.505326456495865,0.003226757049560547
1648493308.8740618,2.5025763725699637,0.0032243728637695312
1648493308.8840683,2.509201574755089,0.0032253265380859375
1648493308.8934333,2.5032013916440325,0.0025980472564697266
1648493308.9040635,2.504451429792169,0.0032205581665039062
1648493308.9140658,2.5059514755699333,0.0032231807708740234
1648493308.9240873,2.5017013458662682,0.0032477378845214844
1648493308.9340775,2.5033263954588456,0.0032334327697753906
1648493308.9440622,2.502826380199591,0.0032188892364501953
1648493308.953475,2.5055764641254923,0.0026276111602783203
1648493308.9640772,2.50482644123661,0.0032379627227783203
1648493308.9740784,2.499576281014435,0.003240823745727539
1648493308.9840455,2.5069515060884426,0.0032062530517578125
1648493308.994093,2.5010763267921994,0.0032532215118408203
1648493309.0035372,2.5034513992736596,0.002669811248779297
1648493309.0136616,2.506451490829188,0.0027992725372314453
1648493309.0235608,2.5007013153477584,0.002685070037841797
1648493309.0340889,2.5032013916440325,0.0032465457916259766
1648493309.0440729,2.500951322977386,0.0032410621643066406
1648493309.0540655,2.508701559495834,0.0032265186309814453
1648493309.0640585,2.5032013916440325,0.0032258033752441406
1648493309.0740685,2.500576311532945,0.003230571746826172
1648493309.0840836,2.5090765709402754,0.003243684768676758
1648493309.0940924,2.4975762199774163,0.003260374069213867
1648493309.1040635,2.506451490829188,0.0032253265380859375
1648493309.1140645,2.5032013916440325,0.003233194351196289
1648493309.1240602,2.5025763725699637,0.0032227039337158203
1648493309.1340594,2.504201422162542,0.0032219886779785156
1648493309.144054,2.5015763420514543,0.003218412399291992
1648493309.1541052,2.5059514755699333,0.0032672882080078125
1648493309.1640816,2.500826319162572,0.0032486915588378906
1648493309.174059,2.499576281014435,0.0032269954681396484
1648493309.1840508,2.506826502273629,0.0032205581665039062
1648493309.194083,2.5023263649403362,0.0032529830932617188
1648493309.2040665,2.50245136875515,0.003229379653930664
1648493309.2140687,2.504451429792169,0.003234386444091797
1648493309.2240644,2.5015763420514543,0.003226041793823242
1648493309.2340484,2.50482644123661,0.0032176971435546875
1648493309.2440517,2.4985762504959257,0.0032203197479248047
1648493309.2540455,2.510701620532853,0.0032100677490234375
1648493309.26406,2.5030763878292186,0.003221750259399414
1648493309.2735274,2.505326456495865,0.0026628971099853516
1648493309.284079,2.508451551866207,0.003239870071411133
1648493309.2941763,2.500826319162572,0.003337860107421875
1648493309.3040998,2.505326456495865,0.003264188766479492
1648493309.3140616,2.530827234717856,0.0032291412353515625
1648493309.3240592,2.50245136875515,0.0032281875610351562
1648493309.3340547,2.4714504226813565,0.0032241344451904297
1648493309.3440566,2.5192018799401836,0.0032203197479248047
1648493309.3541048,2.517326822717979,0.0032672882080078125
1648493309.3640645,2.445074617755669,0.0032312870025634766
1648493309.3740616,2.514826746421705,0.0032303333282470703
1648493309.3840497,2.512701681569872,0.003220081329345703
1648493309.3940504,2.5142017273476363,0.0032186508178710938
1648493309.4040575,2.509326578569903,0.003219127655029297
1648493309.4140596,2.513076693014313,0.0032227039337158203
1648493309.4240603,2.5134517044587543,0.003224611282348633
1648493309.43405,2.510076601458785,0.003214120864868164
1648493309.444051,2.5153267616809596,0.003215312957763672
1648493309.4540563,2.513201696829127,0.0032188892364501953
1648493309.4640524,2.500201300088504,0.003216981887817383
1648493309.4746087,2.514576738792077,0.0037720203399658203
1648493309.484062,2.5055764641254923,0.0032224655151367188
1648493309.49405,2.499951292458876,0.003218412399291992
1648493309.5040488,2.508451551866207,0.0032134056091308594
1648493309.514046,2.50007629627369,0.003209352493286133
1648493309.5244522,2.511076631977294,0.003252267837524414
1648493309.5334673,2.505326456495865,0.0026314258575439453
1648493309.5440586,2.500576311532945,0.0032224655151367188
1648493309.5541034,2.508576555681021,0.0032634735107421875
1648493309.5640657,2.5069515060884426,0.0032329559326171875
1648493309.573528,2.4974512161626023,0.002664327621459961
1648493309.583539,2.504076418347728,0.002671480178833008
1648493309.5944102,2.5099515976439712,0.003237009048461914
1648493309.6040678,2.496201178014466,0.003234386444091797
1648493309.614064,2.5070765099032566,0.0032262802124023438
1648493309.6240628,2.5065764946440017,0.0032300949096679688
1648493309.6340797,2.5055764641254923,0.003245830535888672
1648493309.6440628,2.4972012085329753,0.0032236576080322266
1648493309.6540487,2.506701498458815,0.0032188892364501953
1648493309.6640537,2.5099515976439712,0.0032160282135009766
1648493309.6740546,2.4947011322367016,0.0032241344451904297
1648493309.6840606,2.509701590014344,0.003222942352294922
1648493309.6940532,2.501326334421827,0.0032165050506591797
1648493309.7040567,2.4992012695699946,0.0032203197479248047
1648493309.7140517,2.506326487014374,0.0032150745391845703
1648493309.7240531,2.5058264717551193,0.003214597702026367
1648493309.7340834,2.506076479384747,0.0032472610473632812
1648493309.7440608,2.4994512771996216,0.0032219886779785156
1648493309.7541065,2.498076235236671,0.0032677650451660156
1648493309.7640665,2.512701681569872,0.003232240676879883
1648493309.77405,2.4975762199774163,0.0032198429107666016
1648493309.7840543,2.5034513992736596,0.003223419189453125
1648493309.794057,2.5117016510513626,0.0032274723052978516
1648493309.8040926,2.4952011474959566,0.003258943557739258
1648493309.8144631,2.505326456495865,0.003243684768676758
1648493309.8240583,2.5033263954588456,0.0032219886779785156
1648493309.8335543,2.5052014526810513,0.002688169479370117
1648493309.8440905,2.507951536606952,0.0032486915588378906
1648493309.85406,2.509326578569903,0.003222942352294922
1648493309.8640614,2.511076631977294,0.0032243728637695312
1648493309.874056,2.4989512619403667,0.003219127655029297
1648493309.884054,2.504451429792169,0.003216981887817383
1648493309.894058,2.507951536606952,0.0032210350036621094
1648493309.904057,2.502826380199591,0.003220796585083008
1648493309.9140651,2.5052014526810513,0.0032281875610351562
1648493309.9240706,2.5029513840144046,0.0032329559326171875
1648493309.9340615,2.5090765709402754,0.0032241344451904297
1648493309.944052,2.5034513992736596,0.0032155513763427734
1648493309.9541054,2.506076479384747,0.0032644271850585938
1648493309.9646537,2.5069515060884426,0.003821849822998047
1648493309.974062,2.5054514603106783,0.003228902816772461
1648493309.984057,2.508451551866207,0.0032253265380859375
1648493309.9940557,2.510451612903226,0.0032243728637695312
1648493310.0040584,2.506451490829188,0.0032243728637695312
1648493310.014055,2.504951445051424,0.003216266632080078
1648493310.0240743,2.5074515213476976,0.0032358169555664062
1648493310.03405,2.5098265938291573,0.003213167190551758
1648493310.0440538,2.508076540421766,0.0032172203063964844
1648493310.0540488,2.4994512771996216,0.0032148361206054688
1648493310.064054,2.5109516281624806,0.0032172203063964844
1648493310.0740492,2.5077015289773246,0.003213167190551758
1648493310.0840526,2.4973262123477893,0.0032176971435546875
1648493310.0940506,2.508826563310648,0.003216266632080078
1648493310.1040773,2.5098265938291573,0.0032167434692382812
1648493310.1140513,2.5030763878292186,0.0032155513763427734
1648493310.1240458,2.5062014831995603,0.0032122135162353516
1648493310.134048,2.504951445051424,0.0032134056091308594
1648493310.1440427,2.504951445051424,0.003208637237548828
1648493310.1541088,2.503701406903287,0.0032668113708496094
1648493310.1644459,2.510076601458785,0.0032389163970947266
1648493310.1740584,2.5018263496810813,0.0032248497009277344
1648493310.1840537,2.50007629627369,0.003222942352294922
1648493310.1940506,2.508576555681021,0.003220796585083008
1648493310.2040842,2.50007629627369,0.003224611282348633
1648493310.2140465,2.508076540421766,0.0032117366790771484
1648493310.2240486,2.5032013916440325,0.0032129287719726562
1648493310.234047,2.506076479384747,0.0032126903533935547
1648493310.2440464,2.504201422162542,0.0032105445861816406
1648493310.2540536,2.4979512314218573,0.0032176971435546875
1648493310.2640467,2.5115766472365486,0.0032110214233398438
1648493310.2740493,2.510076601458785,0.0032150745391845703
1648493310.2840414,2.4912010254219186,0.0032067298889160156
1648493310.294059,2.511201635792108,0.0032227039337158203
1648493310.3035047,2.5047014374217964,0.0026319026947021484
1648493310.3140657,2.3758225043488874,0.003232240676879883
1648493310.3240566,2.5122016663106175,0.0032258033752441406
1648493310.3340843,2.512826685384686,0.0032510757446289062
1648493310.3444428,2.5105766167180397,0.0032529830932617188
1648493310.3541093,2.513576708273568,0.0032684803009033203
1648493310.3640673,2.5122016663106175,0.003234386444091797
1648493310.3740513,2.513201696829127,0.0032210350036621094
1648493310.38405,2.4665752739036226,0.0032186508178710938
1648493310.39353,2.5122016663106175,0.0026679039001464844
1648493310.4036472,2.5140767235328227,0.002785205841064453
1648493310.4139874,2.482700766014588,0.003155946731567383
1648493310.4239893,2.511201635792108,0.003144502639770508
1648493310.4339666,2.502076357310709,0.0031380653381347656
1648493310.4439855,2.5115766472365486,0.003142118453979492
1648493310.4544957,2.495826166570025,0.003665924072265625
1648493310.4639845,2.5113266396069216,0.0031585693359375
1648493310.4739597,2.506326487014374,0.003131866455078125
1648493310.4839785,2.5023263649403362,0.0031359195709228516
1648493310.4939559,2.5047014374217964,0.0031299591064453125
1648493310.5041008,2.508701559495834,0.0032601356506347656
1648493310.514061,2.500826319162572,0.0032286643981933594
1648493310.5240567,2.5069515060884426,0.0032210350036621094
1648493310.533457,2.504076418347728,0.0026214122772216797
1648493310.5440474,2.5062014831995603,0.0032134056091308594
1648493310.554102,2.506326487014374,0.0032625198364257812
1648493310.5640624,2.499826288644063,0.0032303333282470703
1648493310.5740545,2.508326548051393,0.0032241344451904297
1648493310.5840669,2.5023263649403362,0.003232717514038086
1648493310.5940638,2.5030763878292186,0.003231525421142578
1648493310.604083,2.505701467940306,0.003247499465942383
1648493310.6140552,2.500576311532945,0.003225088119506836
1648493310.6240551,2.5032013916440325,0.0032241344451904297
1648493310.6340542,2.5033263954588456,0.0032203197479248047
1648493310.6440523,2.5027013763847776,0.003217458724975586
1648493310.653528,2.5017013458662682,0.002664804458618164
1648493310.6640859,2.500451307718131,0.0032470226287841797
1648493310.6737533,2.509201574755089,0.0028228759765625
1648493310.6838953,2.5023263649403362,0.002652883529663086
1648493310.694071,2.5098265938291573,0.0032384395599365234
1648493310.7040973,2.5202019104586935,0.0032587051391601562
1648493310.7140627,2.510076601458785,0.0032334327697753906
1648493310.7240717,2.5095765861995303,0.003233671188354492
1648493310.7340608,2.5159517807550276,0.003225564956665039
1648493310.7440846,2.5149517502365186,0.003245115280151367
1648493310.7541063,2.513201696829127,0.0032684803009033203
1648493310.764062,2.5158267769402145,0.0032300949096679688
1648493310.7740598,2.5195768913846246,0.0032296180725097656
1648493310.7840543,2.517576830347606,0.003224611282348633
1648493310.7940512,2.518951872310556,0.0032215118408203125
1648493310.8041053,2.5149517502365186,0.003274202346801758
1648493310.813644,2.518701864680929,0.0027627944946289062
1648493310.8236916,2.517576830347606,0.0028228759765625
1648493310.8337407,2.518951872310556,0.002845287322998047
1648493310.8437169,2.513076693014313,0.00283050537109375
1648493310.8535266,2.5199519028290656,0.0026710033416748047
1648493310.8635929,2.5177018341624198,0.002738475799560547
1648493310.8735316,2.514826746421705,0.002673625946044922
1648493310.883664,2.517951841792047,0.0027685165405273438
1648493310.8960924,2.5209519333475754,0.002887725830078125
1648493310.9036722,2.514451734977264,0.0027930736541748047
1648493310.9144065,2.517951841792047,0.00310516357421875
1648493310.9237068,2.5160767845698415,0.0028772354125976562
1648493310.9336278,2.5165767998290964,0.0028111934661865234
1648493310.9437523,2.5154517654957735,0.002794027328491211
1648493310.9538114,2.5129516891995,0.002843618392944336
1648493310.9637723,2.514701742606891,0.002802133560180664
1648493310.973467,2.512326670125431,0.002514362335205078
1648493310.983756,2.5182018494216742,0.002796173095703125
1648493310.9937336,2.5165767998290964,0.002785205841064453
1648493311.0036047,2.5154517654957735,0.002785205841064453
1648493311.0137258,2.5169518112735374,0.002779245376586914
1648493311.023733,2.513201696829127,0.0027854442596435547
1648493311.0336082,2.518826868495743,0.0027930736541748047
1648493311.0436034,2.510076601458785,0.0027854442596435547
1648493311.0536067,2.5177018341624198,0.0027892589569091797
1648493311.0635984,2.516326792199469,0.002781391143798828
1648493311.0736053,2.5102016052735983,0.0027875900268554688
1648493311.0836673,2.5180768456068607,0.0027844905853271484
1648493311.0936038,2.515076754051332,0.0027854442596435547
1648493311.1036031,2.512451673940245,0.002786397933959961
1648493311.1135993,2.519451887569811,0.002783536911010742
1648493311.1236353,2.514826746421705,0.0028192996978759766
1648493311.1336079,2.5195768913846246,0.0027930736541748047
1648493311.1436062,2.510701620532853,0.002788066864013672
1648493311.1536505,2.5122016663106175,0.0028276443481445312
1648493311.1636105,2.5200769066438795,0.0027954578399658203
1648493311.1736994,2.5102016052735983,0.0028650760650634766
1648493311.1836123,2.5160767845698415,0.0027976036071777344
1648493311.1933997,2.5165767998290964,0.002571582794189453
1648493311.203621,2.51195165868099,0.002805471420288086
1648493311.213614,2.5158267769402145,0.00279998779296875
1648493311.2235978,2.514451734977264,0.002783536911010742
1648493311.2336082,2.5178268379772333,0.002790212631225586
1648493311.2437174,2.512326670125431,0.0029032230377197266
1648493311.2536004,2.5142017273476363,0.0027861595153808594
1648493311.2636118,2.51907687612537,0.002794504165649414
1648493311.273595,2.510326609088412,0.002781391143798828
1648493311.2836132,2.5195768913846246,0.002795696258544922
1648493311.293606,2.517951841792047,0.0027878284454345703
1648493311.303682,2.513076693014313,0.0028569698333740234
1648493311.3136237,2.6273301797540207,0.0028057098388671875
1648493311.3236096,2.509201574755089,0.0027954578399658203
1648493311.3336117,2.514826746421705,0.002794027328491211
1648493311.3436058,2.5134517044587543,0.0027887821197509766
1648493311.3536499,2.5473277382732626,0.0028290748596191406
1648493311.3636146,2.513201696829127,0.002796649932861328
1648493311.3736022,2.512451673940245,0.002785921096801758
1648493311.3835998,2.513201696829127,0.0027837753295898438
1648493311.393609,2.5263270973845637,0.0027916431427001953
1648493311.4035954,2.5134517044587543,0.0027790069580078125
1648493311.4136078,2.512326670125431,0.002790212631225586
1648493311.423605,2.5149517502365186,0.002788543701171875
1648493311.4336638,2.5115766472365486,0.002782583236694336
1648493311.4437268,2.513076693014313,0.002902984619140625
1648493311.4536238,2.531577257606738,0.0028066635131835938
1648493311.4633474,2.5125766777550584,0.0025327205657958984
1648493311.4736116,2.520701925717948,0.0027964115142822266
1648493311.4836104,2.5140767235328227,0.002791881561279297
1648493311.4936051,2.518576860866115,0.0027861595153808594
1648493311.5036054,2.5157017731254006,0.0027878284454345703
1648493311.5136042,2.5202019104586935,0.0027856826782226562
1648493311.5236025,2.514451734977264,0.0027854442596435547
1648493311.5336022,2.5180768456068607,0.002784252166748047
1648493311.5436015,2.512451673940245,0.002783060073852539
1648493311.5536451,2.5239520249031036,0.0028252601623535156
1648493311.563606,2.5140767235328227,0.002791881561279297
1648493311.5736058,2.5213269447920164,0.0027878284454345703
1648493311.5836036,2.5134517044587543,0.002787351608276367
1648493311.5936282,2.5178268379772333,0.0028107166290283203
1648493311.603611,2.512826685384686,0.002793550491333008
1648493311.6139965,2.5220769676808987,0.0031309127807617188
1648493311.6235006,2.514576738792077,0.0026526451110839844
1648493311.6334994,2.5198268990142525,0.0026464462280273438
1648493311.6434913,2.51432673116245,0.0026395320892333984
1648493311.6534984,2.5198268990142525,0.0026464462280273438
1648493311.6634865,2.5158267769402145,0.0026357173919677734
1648493311.6734931,2.5153267616809596,0.002642393112182617
1648493311.6834912,2.5245770439771724,0.002639293670654297
1648493311.693489,2.513701712088382,0.0026369094848632812
1648493311.7034872,2.515076754051332,0.0026366710662841797
1648493311.7135952,2.514826746421705,0.0026254653930664062
1648493311.7239616,2.5177018341624198,0.0031282901763916016
1648493311.7339525,2.5154517654957735,0.0031223297119140625
1648493311.7439508,2.5240770287179175,0.003117799758911133
1648493311.7540052,2.5139517197180092,0.003167390823364258
1648493311.7640607,2.5140767235328227,0.0032062530517578125
1648493311.7739646,2.5228269905697807,0.0031325817108154297
1648493311.7845285,2.518576860866115,0.003659963607788086
1648493311.7942648,2.518951872310556,0.003138303756713867
1648493311.8042417,2.514576738792077,0.003138303756713867
1648493311.8142543,2.518326853236488,0.0031213760375976562
1648493311.824218,2.518701864680929,0.0031213760375976562
1648493311.8342304,2.5222019714957122,0.0031304359436035156
1648493311.8442314,2.516326792199469,0.003126859664916992
1648493311.8542333,2.5223269753105257,0.0031321048736572266
1648493311.864251,2.514701742606891,0.0031485557556152344
1648493311.8742204,2.51670180364391,0.003112316131591797
1648493311.8842244,2.515076754051332,0.0031321048736572266
1648493311.8942108,2.518326853236488,0.003107786178588867
1648493311.904004,2.5159517807550276,0.003163576126098633
1648493311.9142754,2.51907687612537,0.003140687942504883
1648493311.923887,2.51670180364391,0.002734661102294922
1648493311.9339232,2.521201940977203,0.002701282501220703
1648493311.944024,2.5138267159031953,0.0027811527252197266
1648493311.9544559,2.5253270668660543,0.003226041793823242
1648493311.9645357,2.5153267616809596,0.0033643245697021484
1648493311.974815,2.5192018799401836,0.0036840438842773438
1648493311.9842515,2.522576982940153,0.00313568115234375
1648493311.9942315,2.5164517960142825,0.003129720687866211
1648493312.0042279,2.519451887569811,0.0031228065490722656
1648493312.0137208,2.5199519028290656,0.002615690231323242
1648493312.0241265,2.517451826532792,0.0030493736267089844
1648493312.0341368,2.520826929532762,0.0030641555786132812
1648493312.044119,2.518576860866115,0.0030503273010253906
1648493312.0541313,2.5200769066438795,0.003062725067138672
1648493312.064123,2.5184518570513017,0.0030455589294433594
1648493312.0741243,2.5165767998290964,0.003060579299926758
1648493312.0838869,2.518326853236488,0.0030617713928222656
1648493312.093992,2.516826807458724,0.003164529800415039
1648493312.1039312,2.5153267616809596,0.003097057342529297
1648493312.1140296,2.52382702108829,0.003189563751220703
1648493312.1240542,2.5149517502365186,0.0032112598419189453
1648493312.1340597,2.5209519333475754,0.0032236576080322266
1648493312.144063,2.514576738792077,0.0032205581665039062
1648493312.1541128,2.5209519333475754,0.003263711929321289
1648493312.1640444,2.5165767998290964,0.0032088756561279297
1648493312.1740363,2.5182018494216742,0.003205537796020508
1648493312.1840312,2.5192018799401836,0.0032002925872802734
1648493312.1940687,2.5178268379772333,0.0032312870025634766
1648493312.204046,2.5155767693105866,0.0032105445861816406
1648493312.2136588,2.517451826532792,0.0028209686279296875
1648493312.2239923,2.5177018341624198,0.0031538009643554688
1648493312.2339685,2.516326792199469,0.0031402111053466797
1648493312.2439604,2.5152017578661456,0.003127574920654297
1648493312.2539608,2.5200769066438795,0.003129720687866211
1648493312.2639549,2.517951841792047,0.003124237060546875
1648493312.2739522,2.514826746421705,0.003121614456176758
1648493312.2839508,2.5193268837549976,0.0031197071075439453
1648493312.2939441,2.516326792199469,0.0031130313873291016
1648493312.3040347,2.517451826532792,0.0031938552856445312
1648493312.314071,2.5034513992736596,0.0032427310943603516
1648493312.324061,2.517951841792047,0.003226757049560547
1648493312.3340497,2.5504528336436048,0.003214120864868164
1648493312.3440409,2.506826502273629,0.003205537796020508
1648493312.354081,2.510701620532853,0.0032396316528320312
1648493312.3640556,2.5794537186803796,0.0032205581665039062
1648493312.3740408,2.5109516281624806,0.003205537796020508
1648493312.3840442,2.51432673116245,0.0032095909118652344
1648493312.394045,2.514701742606891,0.003210783004760742
1648493312.403661,2.5113266396069216,0.002821207046508789
1648493312.4140687,2.5115766472365486,0.0032258033752441406
1648493312.4239686,2.513076693014313,0.00313568115234375
1648493312.4339545,2.513326700643941,0.0031213760375976562
1648493312.4439495,2.5373274330881683,0.003117799758911133
1648493312.453949,2.513076693014313,0.0031185150146484375
1648493312.4644902,2.514451734977264,0.0036592483520507812
1648493312.4739592,2.5330773033845024,0.0031278133392333984
1648493312.4839478,2.511201635792108,0.0031163692474365234
1648493312.4939466,2.5120766624958035,0.0031163692474365234
1648493312.5039458,2.5160767845698415,0.003115415573120117
1648493312.5139434,2.510701620532853,0.0031125545501708984
1648493312.5240495,2.5235770134586626,0.003211498260498047
1648493312.534049,2.5138267159031953,0.003207683563232422
1648493312.5440426,2.521201940977203,0.003202199935913086
1648493312.5540826,2.514826746421705,0.003241300582885742
1648493312.5640516,2.512826685384686,0.0032165050506591797
1648493312.5740428,2.5192018799401836,0.003208637237548828
1648493312.5840337,2.5165767998290964,0.003200054168701172
1648493312.5940406,2.5138267159031953,0.003205537796020508
1648493312.6040459,2.5169518112735374,0.003206491470336914
1648493312.6140351,2.513701712088382,0.0031943321228027344
1648493312.6240396,2.514451734977264,0.003204822540283203
1648493312.6340415,2.5204519180883205,0.003200531005859375
1648493312.6440463,2.516826807458724,0.003206491470336914
1648493312.6540415,2.517451826532792,0.003201723098754883
1648493312.6640408,2.518951872310556,0.0032019615173339844
1648493312.674089,2.5113266396069216,0.0032491683959960938
1648493312.684088,2.5242020325327315,0.0032520294189453125
1648493312.6940613,2.5159517807550276,0.0032196044921875
1648493312.704045,2.5199519028290656,0.0032024383544921875
1648493312.7140443,2.518326853236488,0.003205537796020508
1648493312.7239614,2.5169518112735374,0.003133535385131836
1648493312.7340763,2.5177018341624198,0.0032253265380859375
1648493312.7439582,2.518951872310556,0.0031232833862304688
1648493312.75423,2.5152017578661456,0.0033724308013916016
1648493312.764065,2.521576952421644,0.0032181739807128906
1648493312.7739532,2.5153267616809596,0.0031239986419677734
1648493312.7839634,2.515076754051332,0.003137350082397461
1648493312.7939405,2.521076937162389,0.0031147003173828125
1648493312.8039806,2.518576860866115,0.0031516551971435547
1648493312.8139632,2.5197018951994385,0.0031359195709228516
1648493312.82396,2.517576830347606,0.0031282901763916016
1648493312.833957,2.517326822717979,0.0031270980834960938
1648493312.8439496,2.513076693014313,0.003117799758911133
1648493312.8539488,2.5177018341624198,0.003119230270385742
1648493312.8639522,2.5209519333475754,0.0031266212463378906
1648493312.873951,2.5139517197180092,0.003119230270385742
1648493312.8839548,2.5159517807550276,0.0031239986419677734
1648493312.8939545,2.5205769219031344,0.003122091293334961
1648493312.9039512,2.5182018494216742,0.00312042236328125
1648493312.9139457,2.520701925717948,0.003115415573120117
1648493312.9240692,2.5177018341624198,0.003229379653930664
1648493312.934059,2.516326792199469,0.0032155513763427734
1648493312.9446254,2.516326792199469,0.0037856101989746094
1648493312.9534388,2.517451826532792,0.00260162353515625
1648493312.964063,2.517576830347606,0.0032262802124023438
1648493312.9740453,2.514576738792077,0.0032105445861816406
1648493312.9844313,2.516326792199469,0.0035943984985351562
1648493312.9934998,2.5165767998290964,0.002641916275024414
1648493313.0040457,2.514701742606891,0.0032012462615966797
1648493313.013487,2.5152017578661456,0.0026319026947021484
1648493313.024129,2.513701712088382,0.0031778812408447266
1648493313.0339592,2.5193268837549976,0.0031311511993408203
1648493313.0434344,2.5113266396069216,0.002603292465209961
1648493313.053949,2.513576708273568,0.003115415573120117
1648493313.0639532,2.5217019562364578,0.0031280517578125
1648493313.073943,2.511201635792108,0.003109455108642578
1648493313.0839517,2.5160767845698415,0.0031266212463378906
1648493313.0939825,2.5184518570513017,0.0031485557556152344
1648493313.1039507,2.5159517807550276,0.0031194686889648438
1648493313.1139464,2.5157017731254006,0.003115415573120117
1648493313.1234426,2.5162017883846555,0.0026121139526367188
1648493313.1340468,2.517451826532792,0.003208637237548828
1648493313.1435099,2.518701864680929,0.0026454925537109375
1648493313.1536536,2.513326700643941,0.0027837753295898438
1648493313.1640623,2.5192018799401836,0.003222942352294922
1648493313.1740637,2.5138267159031953,0.0032269954681396484
1648493313.1840322,2.5125766777550584,0.0031986236572265625
1648493313.1940353,2.5199519028290656,0.0032024383544921875
1648493313.2040458,2.5129516891995,0.003209829330444336
1648493313.2140696,2.516326792199469,0.0032320022583007812
1648493313.2234695,2.5154517654957735,0.002628326416015625
1648493313.233951,2.516826807458724,0.0031249523162841797
1648493313.2439423,2.5140767235328227,0.003111124038696289
1648493313.2539515,2.5114516434217355,0.0031273365020751953
1648493313.2639475,2.5217019562364578,0.0031163692474365234
1648493313.2739553,2.514576738792077,0.0031294822692871094
1648493313.28395,2.5160767845698415,0.0031189918518066406
1648493313.2939513,2.5205769219031344,0.00312042236328125
1648493313.3040392,2.5164517960142825,0.003196239471435547
1648493313.3139658,2.6314553056428727,0.0031380653381347656
1648493313.32402,2.5113266396069216,0.0031936168670654297
1648493313.3340476,2.513201696829127,0.003214120864868164
1648493313.344043,2.5138267159031953,0.003203153610229492
1648493313.3534338,2.531452253791925,0.002592802047729492
1648493313.3640575,2.5154517654957735,0.0032215118408203125
1648493313.3740454,2.5138267159031953,0.0032112598419189453
1648493313.3840375,2.513326700643941,0.0032052993774414062
1648493313.3940415,2.5383274636066777,0.0032079219818115234
1648493313.40357,2.5120766624958035,0.002706766128540039
1648493313.41408,2.5142017273476363,0.003234386444091797
1648493313.424171,2.5184518570513017,0.0033311843872070312
1648493313.4339638,2.5134517044587543,0.003134489059448242
1648493313.4439454,2.527327127903073,0.0031180381774902344
1648493313.4538965,2.514576738792077,0.003070354461669922
1648493313.4639666,2.51907687612537,0.003134012222290039
1648493313.4739523,2.513576708273568,0.0031223297119140625
1648493313.4839497,2.5158267769402145,0.0031197071075439453
1648493313.4935513,2.5239520249031036,0.0026900768280029297
1648493313.504103,2.513576708273568,0.003236055374145508
1648493313.515867,2.5202019104586935,0.0050275325775146484
1648493313.524051,2.5138267159031953,0.0032165050506591797
1648493313.5339756,2.5162017883846555,0.003143787384033203
1648493313.543963,2.517451826532792,0.003136157989501953
1648493313.5539832,2.5192018799401836,0.0031499862670898438
1648493313.5635629,2.5155767693105866,0.002733469009399414
1648493313.573961,2.521951963866085,0.0031349658966064453
1648493313.5839546,2.513576708273568,0.003129720687866211
1648493313.5939465,2.517451826532792,0.0031206607818603516
1648493313.6039543,2.516326792199469,0.0031282901763916016
1648493313.61395,2.5222019714957122,0.0031194686889648438
1648493313.6239502,2.5140767235328227,0.003123760223388672
1648493313.634052,2.521576952421644,0.003214120864868164
1648493313.644045,2.5154517654957735,0.0032052993774414062
1648493313.6540408,2.51670180364391,0.0032033920288085938
1648493313.664039,2.5169518112735374,0.0031991004943847656
1648493313.6740363,2.5184518570513017,0.003197908401489258
1648493313.6840336,2.5198268990142525,0.0031957626342773438
1648493313.6940305,2.513576708273568,0.003192901611328125
1648493313.7040346,2.514451734977264,0.00319671630859375
1648493313.71403,2.5157017731254006,0.0031969547271728516
1648493313.7240381,2.5217019562364578,0.003205537796020508
1648493313.734037,2.5140767235328227,0.0032036304473876953
1648493313.7440403,2.5140767235328227,0.0032019615173339844
1648493313.7540674,2.514576738792077,0.0032291412353515625
1648493313.764051,2.5159517807550276,0.0032167434692382812
1648493313.7735002,2.5197018951994385,0.0026445388793945312
1648493313.7840621,2.5192018799401836,0.003225564956665039
1648493313.7940722,2.517951841792047,0.0032339096069335938
1648493313.8040469,2.518951872310556,0.003206491470336914
1648493313.8140461,2.518951872310556,0.0032072067260742188
1648493313.8240407,2.51907687612537,0.003201007843017578
1648493313.834044,2.5205769219031344,0.003204822540283203
1648493313.8440378,2.5178268379772333,0.003200531005859375
1648493313.8540366,2.521826960051271,0.003198862075805664
1648493313.8640423,2.5164517960142825,0.0032033920288085938
1648493313.8740375,2.518951872310556,0.0031998157501220703
1648493313.8840492,2.517076815088351,0.003209829330444336
1648493313.8940403,2.517951841792047,0.0032012462615966797
1648493313.9040368,2.5202019104586935,0.003200054168701172
1648493313.9140346,2.517201818903165,0.0031952857971191406
1648493313.9240496,2.518326853236488,0.0032110214233398438
1648493313.934048,2.5159517807550276,0.0032083988189697266
1648493313.9446507,2.5213269447920164,0.003811359405517578
1648493313.9540913,2.5159517807550276,0.0032503604888916016
1648493313.964055,2.5165767998290964,0.0032181739807128906
1648493313.9740365,2.5182018494216742,0.0032029151916503906
1648493313.9840264,2.525202063051241,0.0031921863555908203
1648493313.9940484,2.51432673116245,0.0032148361206054688
1648493314.004047,2.527702139347514,0.003206968307495117
1648493314.0140448,2.51432673116245,0.0032041072845458984
1648493314.024039,2.5213269447920164,0.003201723098754883
1648493314.0339596,2.518951872310556,0.0031261444091796875
1648493314.0439463,2.520826929532762,0.0031163692474365234
1648493314.053948,2.5155767693105866,0.0031180381774902344
1648493314.0639458,2.517451826532792,0.0031142234802246094
1648493314.07394,2.51907687612537,0.0031120777130126953
1648493314.0839431,2.5182018494216742,0.003118753433227539
1648493314.0939476,2.517951841792047,0.0031180381774902344
1648493314.103942,2.514451734977264,0.0031135082244873047
1648493314.113941,2.522951994384594,0.0031135082244873047
1648493314.1239488,2.513576708273568,0.0031185150146484375
1648493314.1340497,2.517076815088351,0.003209829330444336
1648493314.1440299,2.518576860866115,0.003191709518432617
1648493314.1534803,2.5149517502365186,0.0026369094848632812
1648493314.16406,2.518951872310556,0.0032243728637695312
1648493314.1740437,2.5178268379772333,0.0032100677490234375
1648493314.1840403,2.520701925717948,0.003207683563232422
1648493314.1940362,2.5158267769402145,0.003202199935913086
1648493314.2040322,2.521076937162389,0.003192901611328125
1648493314.2140403,2.5165767998290964,0.003201723098754883
1648493314.2240365,2.5224519791253397,0.003198862075805664
1648493314.2339852,2.5139517197180092,0.0031588077545166016
1648493314.2439606,2.5195768913846246,0.003128528594970703
1648493314.253953,2.5164517960142825,0.0031232833862304688
1648493314.2639415,2.516326792199469,0.003112316131591797
1648493314.2739446,2.514826746421705,0.003116607666015625
1648493314.284056,2.5182018494216742,0.0032083988189697266
1648493314.2939725,2.513576708273568,0.003139495849609375
1648493314.3035853,2.517576830347606,0.0027256011962890625
1648493314.3139904,2.503701406903287,0.0031616687774658203
1648493314.3239586,2.517451826532792,0.003133535385131836
1648493314.334053,2.552077883236183,0.0032203197479248047
1648493314.3440475,2.4780756248664817,0.0032138824462890625
1648493314.354075,2.5164517960142825,0.0032405853271484375
1648493314.3643427,2.5558279976805935,0.0035064220428466797
1648493314.3740482,2.5109516281624806,0.0032143592834472656
1648493314.3840487,2.5159517807550276,0.0032160282135009766
1648493314.394043,2.513201696829127,0.003209829330444336
1648493314.4040453,2.5235770134586626,0.003211498260498047
1648493314.4140372,2.510826624347667,0.003204822540283203
1648493314.4240453,2.512451673940245,0.003206491470336914
1648493314.433872,2.512826685384686,0.003041982650756836
1648493314.4439592,2.529452192754906,0.003129243850708008
1648493314.453945,2.5117016510513626,0.0031147003173828125
1648493314.4639392,2.512451673940245,0.0031108856201171875
1648493314.4739845,2.5253270668660543,0.003151416778564453
1648493314.48396,2.5153267616809596,0.003129243850708008
1648493314.4939535,2.525452070680868,0.0031239986419677734
1648493314.5039442,2.5117016510513626,0.003121614456176758
1648493314.5139432,2.5164517960142825,0.0031125545501708984
1648493314.5240636,2.518951872310556,0.0032105445861816406
1648493314.533778,2.515076754051332,0.0029358863830566406
1648493314.5434892,2.5195768913846246,0.0026311874389648438
1648493314.554086,2.513201696829127,0.0032501220703125
1648493314.5640633,2.5169518112735374,0.00322723388671875
1648493314.5740569,2.5165767998290964,0.0032227039337158203
1648493314.5840428,2.518576860866115,0.0032091140747070312
1648493314.5940413,2.5129516891995,0.003208637237548828
1648493314.6040556,2.5154517654957735,0.003214120864868164
1648493314.6140437,2.51670180364391,0.0032117366790771484
1648493314.6240406,2.51670180364391,0.003209352493286133
1648493314.6339636,2.5164517960142825,0.0031366348266601562
1648493314.6439507,2.5157017731254006,0.003119945526123047
1648493314.65395,2.5153267616809596,0.0031201839447021484
1648493314.6639454,2.5199519028290656,0.0031175613403320312
1648493314.6739645,2.5158267769402145,0.003136157989501953
1648493314.6839652,2.523327005829035,0.003130674362182617
1648493314.693954,2.516826807458724,0.003125905990600586
1648493314.7039533,2.5178268379772333,0.003123044967651367
1648493314.7139454,2.520701925717948,0.0031163692474365234
1648493314.7239463,2.517451826532792,0.0031158924102783203
1648493314.7340531,2.520826929532762,0.0032165050506591797
1648493314.7440357,2.518701864680929,0.0032024383544921875
1648493314.7540805,2.511076631977294,0.0032460689544677734
1648493314.7640588,2.5182018494216742,0.003222942352294922
1648493314.774043,2.5177018341624198,0.003210306167602539
1648493314.7840433,2.5154517654957735,0.003210306167602539
1648493314.7941055,2.517951841792047,0.0032613277435302734
1648493314.80408,2.5154517654957735,0.0032401084899902344
1648493314.8140619,2.5153267616809596,0.0032193660736083984
1648493314.824049,2.514701742606891,0.0032088756561279297
1648493314.834072,2.518951872310556,0.0032088756561279297
1648493314.8440347,2.5180768456068607,0.00319671630859375
1648493314.8540483,2.513326700643941,0.0032105445861816406
1648493314.864047,2.52382702108829,0.003207683563232422
1648493314.8740363,2.5184518570513017,0.003197908401489258
1648493314.8840482,2.516326792199469,0.0032091140747070312
1648493314.894215,2.5204519180883205,0.003374814987182617
1648493314.9035063,2.517951841792047,0.0026502609252929688
1648493314.9140935,2.5200769066438795,0.0032606124877929688
1648493314.9247077,2.5177018341624198,0.0038738250732421875
1648493314.9341006,2.5169518112735374,0.0032639503479003906
1648493314.944071,2.5192018799401836,0.0032367706298828125
1648493314.9537587,2.5192018799401836,0.002924680709838867
1648493314.9640713,2.5182018494216742,0.003235340118408203
1648493314.97407,2.515076754051332,0.0032351016998291016
1648493314.9840477,2.512451673940245,0.003214597702026367
1648493314.9940662,2.5180768456068607,0.003232717514038086
1648493315.0034504,2.5142017273476363,0.0026133060455322266
1648493315.0140767,2.5178268379772333,0.0032367706298828125
1648493315.0240614,2.514701742606891,0.0032248497009277344
1648493315.0340583,2.516326792199469,0.0032253265380859375
1648493315.0440555,2.5177018341624198,0.0032176971435546875
1648493315.0535405,2.5152017578661456,0.002676725387573242
1648493315.0640128,2.517951841792047,0.003168821334838867
1648493315.0735056,2.518576860866115,0.002645254135131836
1648493315.0840786,2.513576708273568,0.0032439231872558594
1648493315.0940537,2.517451826532792,0.0032138824462890625
1648493315.1040528,2.517576830347606,0.0032243728637695312
1648493315.1140597,2.5178268379772333,0.003227710723876953
1648493315.1240633,2.5160767845698415,0.003224611282348633
1648493315.1341147,2.516826807458724,0.0032796859741210938
1648493315.1440504,2.52145194860683,0.0032112598419189453
1648493315.1540973,2.512451673940245,0.0032660961151123047
1648493315.164058,2.5160767845698415,0.003222942352294922
1648493315.1740704,2.517951841792047,0.0032389163970947266
1648493315.1840596,2.5117016510513626,0.0032274723052978516
1648493315.1940565,2.5193268837549976,0.0032248497009277344
1648493315.2040575,2.5125766777550584,0.0032196044921875
1648493315.2140558,2.5169518112735374,0.0032186508178710938
1648493315.2240572,2.517451826532792,0.0032210350036621094
1648493315.2340503,2.513576708273568,0.0032143592834472656
1648493315.2440593,2.518701864680929,0.0032231807708740234
1648493315.2540553,2.512826685384686,0.003220081329345703
1648493315.2640588,2.51907687612537,0.0032219886779785156
1648493315.2740378,2.5213269447920164,0.003206014633178711
1648493315.284049,2.514451734977264,0.003218412399291992
1648493315.2940595,2.521201940977203,0.0032210350036621094
1648493315.3041105,2.518326853236488,0.003265857696533203
1648493315.314071,2.6417056184575944,0.0032377243041992188
1648493315.3235054,2.5155767693105866,0.0026488304138183594
1648493315.3340678,2.5152017578661456,0.003233194351196289
1648493315.3440487,2.5220769676808987,0.003209829330444336
1648493315.3540845,2.513201696829127,0.003250598907470703
1648493315.364078,2.514451734977264,0.0032448768615722656
1648493315.374054,2.512826685384686,0.0032227039337158203
1648493315.384049,2.5142017273476363,0.0032176971435546875
1648493315.394045,2.518951872310556,0.0032160282135009766
1648493315.404054,2.5122016663106175,0.003217458724975586
1648493315.4140546,2.5139517197180092,0.0032176971435546875
1648493315.4506364,2.513576708273568,0.02979874610900879
1648493315.454668,2.5303272194586017,0.003134012222290039
1648493315.4585533,2.5223269753105257,0.003100872039794922
1648493315.4624097,2.513201696829127,0.0030820369720458984
1648493315.4662619,2.514451734977264,0.0030770301818847656
1648493315.473917,2.517451826532792,0.0030808448791503906
1648493315.4838967,2.513201696829127,0.0030760765075683594
1648493315.4938874,2.517451826532792,0.0030660629272460938
1648493315.503893,2.5193268837549976,0.0030732154846191406
1648493315.5138872,2.514826746421705,0.0030667781829833984
1648493315.523892,2.5178268379772333,0.0030694007873535156
1648493315.5338917,2.516326792199469,0.0030710697174072266
1648493315.5440586,2.514826746421705,0.0031294822692871094
1648493315.553979,2.5184518570513017,0.003149747848510742
1648493315.563985,2.5149517502365186,0.0031599998474121094
1648493315.5739653,2.522576982940153,0.003141164779663086
1648493315.583956,2.5149517502365186,0.003135204315185547
1648493315.593959,2.520326914273507,0.003138303756713867
1648493315.6039433,2.514701742606891,0.003116607666015625
1648493315.613953,2.522576982940153,0.003132343292236328
1648493315.6239476,2.513576708273568,0.003126859664916992
1648493315.6339533,2.5202019104586935,0.0031261444091796875
1648493315.644127,2.516326792199469,0.003193378448486328
1648493315.6540573,2.5182018494216742,0.0032196044921875
1648493315.6640556,2.5165767998290964,0.0032203197479248047
1648493315.6738443,2.518576860866115,0.0028753280639648438
1648493315.6835215,2.5193268837549976,0.002680063247680664
1648493315.6940894,2.5117016510513626,0.0032613277435302734
1648493315.7040787,2.474950529496139,0.0032453536987304688
1648493315.7140744,2.513576708273568,0.003249645233154297
1648493315.7240682,2.469325357829524,0.0032351016998291016
1648493315.7336202,2.4880759300515765,0.0027925968170166016
1648493315.7434566,2.4939511093478197,0.002622365951538086
1648493315.7540693,2.4718254341257975,0.00324249267578125
1648493315.7640777,2.4905760063478497,0.0032498836517333984
1648493315.7740576,2.4879509262367625,0.0032324790954589844
1648493315.784096,2.4713254188665426,0.0032575130462646484
1648493315.7940595,2.4989512619403667,0.003233194351196289
1648493315.8041656,2.492576067384869,0.003334522247314453
1648493315.8137503,2.474700521866512,0.002851724624633789
1648493315.8236637,2.481200720236824,0.0027806758880615234
1648493315.8338985,2.4973262123477893,0.0029952526092529297
1648493315.8449447,2.4907010101626637,0.003388643264770508
1648493315.854101,2.4757005523850215,0.003258228302001953
1648493315.8641226,2.4988262581255536,0.0032701492309570312
1648493315.8740852,2.4859508651997437,0.0032415390014648438
1648493315.8835917,2.4719504379406114,0.002716541290283203
1648493315.894951,2.4974512161626023,0.004063606262207031
1648493315.9051583,2.487075899533067,0.0042803287506103516
1648493315.914825,2.47395049897763,0.0029354095458984375
1648493315.9241242,2.4860758690145577,0.003271341323852539
1648493315.9340172,2.4895759758293408,0.003187417984008789
1648493315.9440947,2.483325785088656,0.0032701492309570312
1648493315.9538941,2.4880759300515765,0.003063678741455078
1648493315.9638863,2.491451033051546,0.0030536651611328125
1648493315.9738746,2.4899509872737817,0.0030455589294433594
1648493315.9838576,2.4842008117923524,0.003029346466064453
1648493315.993848,2.4889509567552723,0.0030236244201660156
1648493316.0038476,2.4933260902737513,0.003020763397216797
1648493316.0138402,2.4815757316812648,0.0030150413513183594
1648493316.0238392,2.4839508041627245,0.003017425537109375
1648493316.0338361,2.4888259529404584,0.0030107498168945312
1648493316.0439386,2.4943261207922607,0.003111124038696289
1648493316.0536716,2.4719504379406114,0.002631664276123047
1648493316.0641925,2.479075655384991,0.003353118896484375
1648493316.0740857,2.502826380199591,0.0032515525817871094
1648493316.0840697,2.479200659199805,0.003229856491088867
1648493316.0940654,2.4797006744590595,0.0032286643981933594
1648493316.1040723,2.4992012695699946,0.003236532211303711
1648493316.114048,2.483075777459029,0.0032126903533935547
1648493316.1240368,2.4813257240516373,0.0032091140747070312
1648493316.1340516,2.4907010101626637,0.0032219886779785156
1648493316.1440833,2.4939511093478197,0.0032477378845214844
1648493316.154064,2.487450910977508,0.00322723388671875
1648493316.164304,2.4852008423108614,0.003468036651611328
1648493316.1740966,2.4967011932737204,0.0032608509063720703
1648493316.1840672,2.482700766014588,0.0032358169555664062
1648493316.194067,2.4839508041627245,0.0032362937927246094
1648493316.204059,2.485450849940489,0.003222227096557617
1648493316.2140567,2.4950761436811426,0.0032224655151367188
1648493316.224053,2.481450727866451,0.0032188892364501953
1648493316.2340543,2.478825647755364,0.0032236576080322266
1648493316.2440534,2.495701162755211,0.003216266632080078
1648493316.2540553,2.483575792718284,0.0032203197479248047
1648493316.264049,2.4803256935331275,0.0032148361206054688
1648493316.2740502,2.4897009796441543,0.0032148361206054688
1648493316.2840486,2.489075960570086,0.0032134056091308594
1648493316.2940426,2.4778256172368542,0.003207683563232422
1648493316.3034737,2.4907010101626637,0.0026330947875976562
1648493316.3134577,2.37182238227485,0.0026197433471679688
1648493316.3240583,2.514701742606891,0.0032291412353515625
1648493316.3340628,2.439324442274239,0.0032334327697753906
1648493316.3440604,2.507951536606952,0.003223896026611328
1648493316.3540616,2.4765755790887174,0.00322723388671875
1648493316.364101,2.501326334421827,0.003263711929321289
1648493316.3746245,2.477575609607227,0.0037910938262939453
1648493316.384066,2.4760755638294625,0.003234386444091797
1648493316.3940601,2.5019513534958953,0.0032286643981933594
1648493316.4040532,2.4678253120517595,0.003216266632080078
1648493316.414051,2.496076174199652,0.0032148361206054688
1648493316.4240484,2.4855758537553028,0.003213644027709961
1648493316.434047,2.4864508804589986,0.0032122135162353516
1648493316.4440494,2.4853258461256753,0.0032138824462890625
1648493316.4540548,2.4809507126071964,0.003221273422241211
1648493316.4640443,2.4907010101626637,0.0032074451446533203
1648493316.4740496,2.4845758232367934,0.003213644027709961
1648493316.4840448,2.4808257087923824,0.0032112598419189453
1648493316.4940436,2.4950761436811426,0.003208637237548828
1648493316.5040467,2.4780756248664817,0.0032129287719726562
1648493316.5140517,2.4765755790887174,0.0032165050506591797
1648493316.5240486,2.4942011169774467,0.003214120864868164
1648493316.5340452,2.4805757011627554,0.003209829330444336
1648493316.5440452,2.481825739310892,0.0032110214233398438
1648493316.554046,2.482700766014588,0.003211498260498047
1648493316.5640996,2.487325907162694,0.003262758255004883
1648493316.5740588,2.478325632496109,0.003226757049560547
1648493316.5840526,2.4769505905331584,0.0032219886779785156
1648493316.5940511,2.493451094088565,0.003221750259399414
1648493316.6040988,2.471200415051729,0.003265857696533203
1648493316.6140718,2.486950895718253,0.0032341480255126953
1648493316.6240485,2.4919510483108005,0.003218412399291992
1648493316.634054,2.4740755027924437,0.0032248497009277344
1648493316.6440516,2.4908260139774776,0.0032167434692382812
1648493316.653555,2.487575914792322,0.0026810169219970703
1648493316.6636548,2.486575884273812,0.0027730464935302734
1648493316.6741018,2.4808257087923824,0.00325775146484375
1648493316.6840959,2.486575884273812,0.0032601356506347656
1648493316.694076,2.4904510025330366,0.003238201141357422
1648493316.7040694,2.4819507431257057,0.0032384395599365234
1648493316.7140794,2.4862008728293707,0.003245830535888672
1648493316.7240677,2.4898259834589678,0.003229379653930664
1648493316.7340622,2.4805757011627554,0.003228902816772461
1648493316.7440646,2.4844508194219794,0.0032262802124023438
1648493316.7539642,2.4867008880886257,0.003144979476928711
1648493316.764006,2.4883259376812035,0.0031766891479492188
1648493316.7739651,2.4764505752739034,0.0031435489654541016
1648493316.7839596,2.4852008423108614,0.0031371116638183594
1648493316.7939515,2.4895759758293408,0.0031304359436035156
1648493316.803963,2.478575640125736,0.003136157989501953
1648493316.813962,2.4897009796441543,0.0031349658966064453
1648493316.8239594,2.489075960570086,0.003134012222290039
1648493316.8339643,2.4760755638294625,0.003137826919555664
1648493316.8439634,2.486950895718253,0.0031363964080810547
1648493316.8540654,2.4848258308664204,0.0032339096069335938
1648493316.864639,2.487700918607135,0.0038013458251953125
1648493316.87405,2.478575640125736,0.003217935562133789
1648493316.8840566,2.4880759300515765,0.003227710723876953
1648493316.8940537,2.4889509567552723,0.0032186508178710938
1648493316.9040499,2.475575548570208,0.003216266632080078
1648493316.9144764,2.4843258156071655,0.002694368362426758
1648493316.9236884,2.4867008880886257,0.002813100814819336
1648493316.9336767,2.478325632496109,0.002787351608276367
1648493316.943753,2.482575762199774,0.002857685089111328
1648493316.954107,2.483825800347911,0.0032486915588378906
1648493316.96402,2.48345078890347,0.0031905174255371094
1648493316.9739573,2.478950651570177,0.0031375885009765625
1648493316.9839764,2.487325907162694,0.003153085708618164
1648493316.9939644,2.4819507431257057,0.0031425952911376953
1648493317.0039678,2.473075472273934,0.003145456314086914
1648493317.013962,2.4907010101626637,0.0031409263610839844
1648493317.023962,2.479575670644246,0.0031414031982421875
1648493317.0339592,2.4815757316812648,0.0031385421752929688
1648493317.0439556,2.486575884273812,0.0031366348266601562
1648493317.0540702,2.4804506973479414,0.0032389163970947266
1648493317.0640504,2.4820757469405197,0.0032205581665039062
1648493317.0740476,2.485075838496048,0.003217458724975586
1648493317.0840516,2.494951139866329,0.0032215118408203125
1648493317.0941627,2.482950773644215,0.003326416015625
1648493317.1034846,2.478825647755364,0.0026373863220214844
1648493317.114076,2.4923260597552415,0.0032439231872558594
1648493317.1240695,2.4779506210516677,0.0032303333282470703
1648493317.134063,2.4843258156071655,0.003232717514038086
1648493317.1440568,2.489450972014527,0.0032269954681396484
1648493317.154088,2.4879509262367625,0.003227710723876953
1648493317.163465,2.4760755638294625,0.0026252269744873047
1648493317.1740687,2.4864508804589986,0.0032377243041992188
1648493317.1840556,2.4938261055330058,0.0032248497009277344
1648493317.1940553,2.476825586718345,0.0032265186309814453
1648493317.2040534,2.4740755027924437,0.0032181739807128906
1648493317.2140503,2.4930760826441234,0.0032150745391845703
1648493317.2240953,2.4808257087923824,0.0032553672790527344
1648493317.2340646,2.4758255561998355,0.003229379653930664
1648493317.2440548,2.4942011169774467,0.0032203197479248047
1648493317.2534306,2.4848258308664204,0.00260162353515625
1648493317.2640507,2.4719504379406114,0.003215789794921875
1648493317.2735202,2.4902009949034087,0.0026633739471435547
1648493317.2840781,2.4928260750144964,0.003239154815673828
1648493317.2954762,2.468700338755455,0.004645586013793945
1648493317.3034992,2.491451033051546,0.0026617050170898438
1648493317.3140905,2.528202154606769,0.003264188766479492
1648493317.324076,2.5155767693105866,0.0032508373260498047
1648493317.3340616,2.428449110385449,0.003237485885620117
1648493317.344065,2.514451734977264,0.0032405853271484375
1648493317.3534234,2.5125766777550584,0.002595186233520508
1648493317.3634658,2.434824304940947,0.0026276111602783203
1648493317.3746474,2.5160767845698415,0.003823518753051758
1648493317.3840432,2.4551999267555775,0.003220796585083008
1648493317.3940504,2.506701498458815,0.0032265186309814453
1648493317.4040656,2.506076479384747,0.003236055374145508
