pi_time,voltage,test_duration
1648577047.7543414,2.512326670125431,0.003004312515258789
1648577047.764713,2.517576830347606,0.0033614635467529297
1648577047.7746658,2.514701742606891,0.0033440589904785156
1648577047.78469,2.514576738792077,0.0033736228942871094
1648577047.7948644,2.512826685384686,0.0035157203674316406
1648577047.8042712,2.5142017273476363,0.002947568893432617
1648577047.8146458,2.5125766777550584,0.0033235549926757812
1648577047.82463,2.51195165868099,0.0033130645751953125
1648577047.8346286,2.5140767235328227,0.0033113956451416016
1648577047.8446689,2.512701681569872,0.0033524036407470703
1648577047.854625,2.5118266548661765,0.003304719924926758
1648577047.864615,2.510701620532853,0.0032956600189208984
1648577047.87462,2.5115766472365486,0.0032918453216552734
1648577047.8845956,2.513076693014313,0.0032792091369628906
1648577047.8949137,2.5139517197180092,0.003522634506225586
1648577047.9040956,2.5109516281624806,0.0026950836181640625
1648577047.9144776,2.5102016052735983,0.0031359195709228516
1648577047.9244819,2.5139517197180092,0.0031440258026123047
1648577047.9351237,2.513076693014313,0.003253936767578125
1648577047.9439883,2.5140767235328227,0.0026144981384277344
1648577047.954616,2.5113266396069216,0.0032668113708496094
1648577047.9643974,2.5117016510513626,0.0030794143676757812
1648577047.974387,2.512326670125431,0.0030672550201416016
1648577047.9843912,2.512701681569872,0.00307464599609375
1648577047.9944317,2.509326578569903,0.003113269805908203
1648577048.0044188,2.510451612903226,0.0030999183654785156
1648577048.014409,2.507576525162511,0.0030868053436279297
1648577048.0243876,2.508451551866207,0.0030684471130371094
1648577048.0344148,2.506076479384747,0.003096342086791992
1648577048.0444124,2.508576555681021,0.0030965805053710938
1648577048.0544922,2.508326548051393,0.003176450729370117
1648577048.0644083,2.508701559495834,0.003092527389526367
1648577048.0744052,2.5078265327921385,0.0030868053436279297
1648577048.0844142,2.506326487014374,0.0030989646911621094
1648577048.094411,2.505701467940306,0.003092527389526367
1648577048.104409,2.505326456495865,0.0030951499938964844
1648577048.1144006,2.5050764488662374,0.0030825138092041016
1648577048.1244361,2.504576433606983,0.003121614456176758
1648577048.1344056,2.506076479384747,0.003087759017944336
1648577048.1444042,2.5012013306070133,0.003090381622314453
1648577048.1544378,2.5032013916440325,0.0031218528747558594
1648577048.1643915,2.4994512771996216,0.0030782222747802734
1648577048.174394,2.4975762199774163,0.003077268600463867
1648577048.1844058,2.4990762657551806,0.0030922889709472656
1648577048.1943932,2.501326334421827,0.003077268600463867
1648577048.2044,2.498451246681112,0.003086090087890625
1648577048.2143917,2.502826380199591,0.0030736923217773438
1648577048.224395,2.4985762504959257,0.0030820369720458984
1648577048.2343843,2.500576311532945,0.003066539764404297
1648577048.2444046,2.5012013306070133,0.0030875205993652344
1648577048.2544036,2.500826319162572,0.0030846595764160156
1648577048.2644057,2.500576311532945,0.003093719482421875
1648577048.2766657,2.4947011322367016,0.0053462982177734375
1648577048.2845902,2.496201178014466,0.003277301788330078
1648577048.294359,2.496076174199652,0.0030417442321777344
1648577048.3043585,2.496451185644093,0.0030410289764404297
1648577048.314367,2.4970762047181614,0.0030472278594970703
1648577048.324354,2.49532615131077,0.003036022186279297
1648577048.3343601,2.4977012237922303,0.0030431747436523438
1648577048.344362,2.4982012390514847,0.0030443668365478516
1648577048.3543537,2.492576067384869,0.003032684326171875
1648577048.364351,2.4944511246070746,0.0030345916748046875
1648577048.374342,2.4973262123477893,0.003026723861694336
1648577048.384352,2.4970762047181614,0.003034830093383789
1648577048.3939424,2.4989512619403667,0.002599000930786133
1648577048.4043417,2.4992012695699946,0.0030241012573242188
1648577048.4143484,2.4994512771996216,0.003031492233276367
1648577048.4243495,2.499701284829249,0.0030324459075927734
1648577048.4343662,2.4989512619403667,0.0030481815338134766
1648577048.4442422,2.500201300088504,0.0028657913208007812
1648577048.454214,2.4912010254219186,0.002841472625732422
1648577048.4642205,2.492076052125614,0.002848386764526367
1648577048.4746192,2.495701162755211,0.0032389163970947266
1648577048.4846027,2.495951170384838,0.0032320022583007812
1648577048.4951944,2.4947011322367016,0.0032587051391601562
1648577048.505169,2.4935760979033783,0.0033185482025146484
1648577048.5148838,2.4927010711996824,0.0035066604614257812
1648577048.5247126,2.4954511551255836,0.003333568572998047
1648577048.5346267,2.496076174199652,0.0032567977905273438
1648577048.5439997,2.4895759758293408,0.0026471614837646484
1648577048.554222,2.4919510483108005,0.0028564929962158203
1648577048.5646985,2.4893259681997133,0.0033528804779052734
1648577048.574661,2.4929510788293103,0.0033180713653564453
1648577048.5847404,2.4888259529404584,0.003395557403564453
1648577048.5946918,2.4938261055330058,0.0033409595489501953
1648577048.6047025,2.4912010254219186,0.0033600330352783203
1648577048.6146617,2.491451033051546,0.003318309783935547
1648577048.6246574,2.492201055940428,0.003311634063720703
1648577048.6347446,2.490951017792291,0.0033996105194091797
1648577048.644193,2.4889509567552723,0.0028297901153564453
1648577048.6542327,2.4888259529404584,0.0028333663940429688
1648577048.6642323,2.489450972014527,0.0028319358825683594
1648577048.6742413,2.4892009643848994,0.0028374195098876953
1648577048.6846607,2.4908260139774776,0.0028264522552490234
1648577048.6946092,2.4837007965330975,0.002816915512084961
1648577048.7045827,2.4892009643848994,0.0027985572814941406
1648577048.7145753,2.482950773644215,0.0027997493743896484
1648577048.7245831,2.4887009491256444,0.0028078556060791016
1648577048.7348151,2.483075777459029,0.0030422210693359375
1648577048.7444885,2.4867008880886257,0.002763032913208008
1648577048.754094,2.4860758690145577,0.0027043819427490234
1648577048.7644525,2.4857008575701163,0.002763032913208008
1648577048.7744439,2.4862008728293707,0.00275421142578125
1648577048.7844353,2.485450849940489,0.002757549285888672
1648577048.7944443,2.4864508804589986,0.0027549266815185547
1648577048.80446,2.4847008270516064,0.0027816295623779297
1648577048.8151453,2.4845758232367934,0.0034499168395996094
1648577048.8244877,2.4844508194219794,0.002809286117553711
1648577048.8349476,2.4862008728293707,0.0032384395599365234
1648577048.844437,2.4824507583849607,0.002706766128540039
1648577048.8545313,2.485075838496048,0.002802133560180664
1648577048.8645325,2.4864508804589986,0.0028154850006103516
1648577048.8745575,2.4809507126071964,0.0028221607208251953
1648577048.8845427,2.4797006744590595,0.002819538116455078
1648577048.8945763,2.4805757011627554,0.002832174301147461
1648577048.9045305,2.4817007354960787,0.0028057098388671875
1648577048.914554,2.48107571642201,0.002820253372192383
1648577048.9245484,2.4819507431257057,0.0028257369995117188
1648577048.9345562,2.478325632496109,0.0028281211853027344
1648577048.9446027,2.478325632496109,0.0028252601623535156
1648577048.954682,2.479075655384991,0.002956390380859375
1648577048.9656596,2.476825586718345,0.0038292407989501953
1648577048.975687,2.4784506363109227,0.003854036331176758
1648577048.9852204,2.4804506973479414,0.0033833980560302734
1648577048.994154,2.475200537125767,0.0027534961700439453
1648577049.004081,2.476825586718345,0.0027234554290771484
1648577049.0140693,2.4780756248664817,0.0027239322662353516
1648577049.0240717,2.478200628681295,0.0027151107788085938
1648577049.0340621,2.479200659199805,0.002714872360229492
1648577049.0440736,2.479200659199805,0.002721071243286133
1648577049.0540504,2.479450666829432,0.002699136734008789
1648577049.0640519,2.478950651570177,0.0026998519897460938
1648577049.074046,2.477575609607227,0.002690553665161133
1648577049.0840533,2.4793256630146185,0.0027008056640625
1648577049.0940561,2.476700582903531,0.0027093887329101562
1648577049.1040502,2.477075594347972,0.0027000904083251953
1648577049.1140482,2.478325632496109,0.0027010440826416016
1648577049.1240704,2.474575518051698,0.002717733383178711
1648577049.134082,2.475575548570208,0.002732515335083008
1648577049.1440718,2.474950529496139,0.002718687057495117
1648577049.15407,2.475575548570208,0.002725362777709961
1648577049.1640718,2.4762005676442764,0.002714872360229492
1648577049.1740642,2.475575548570208,0.002715587615966797
1648577049.1840677,2.4658252510147403,0.002714872360229492
1648577049.1940582,2.473075472273934,0.002706766128540039
1648577049.2046075,2.4718254341257975,0.0032014846801757812
1648577049.2142441,2.46920035401471,0.0028541088104248047
1648577049.2240818,2.469325357829524,0.0027277469635009766
1648577049.2344449,2.4719504379406114,0.0027112960815429688
1648577049.2444284,2.470450392162847,0.002707242965698242
1648577049.2544477,2.470325388348033,0.0027070045471191406
1648577049.2644215,2.470825403607288,0.0027027130126953125
1648577049.2744405,2.4697003692739647,0.002707242965698242
1648577049.2844229,2.469950376903592,0.0026988983154296875
1648577049.2944307,2.4622001403851437,0.0027055740356445312
1648577049.3044221,2.4650752281258583,0.0026984214782714844
1648577049.3144362,2.4677003082369455,0.0027053356170654297
1648577049.3244278,2.4658252510147403,0.0027065277099609375
1648577049.3345058,2.465200231940672,0.002722024917602539
1648577049.3444228,2.4665752739036226,0.0026998519897460938
1648577049.3544304,2.4662002624591812,0.0027048587799072266
1648577049.3644283,2.4682003234962004,0.0027081966400146484
1648577049.3744276,2.468450331125828,0.0027017593383789062
1648577049.3844101,2.4642002014221625,0.0026941299438476562
1648577049.39447,2.464075197607349,0.0027179718017578125
1648577049.404423,2.4679503158665734,0.002699613571166992
1648577049.4144297,2.465950254829554,0.0027048587799072266
1648577049.4244275,2.4610751060518203,0.0027053356170654297
1648577049.434432,2.464700216681417,0.0027108192443847656
1648577049.4444213,2.4638251899777215,0.0027022361755371094
1648577049.454476,2.4555749382000185,0.002747058868408203
1648577049.4641573,2.4607000946073794,0.0027475357055664062
1648577049.4747548,2.4593250526444286,0.003390789031982422
1648577049.484055,2.4595750602740565,0.0027027130126953125
1648577049.4940555,2.4583250221259196,0.0027000904083251953
1648577049.5040624,2.4570749839777823,0.002710580825805664
1648577049.514406,2.460950102237007,0.003048419952392578
1648577049.5245163,2.461325113681448,0.0031642913818359375
1648577049.534086,2.4530748619037444,0.002734661102294922
1648577049.5440567,2.460575090792566,0.0027077198028564453
1648577049.5544326,2.4585750297555466,0.002707242965698242
1648577049.56405,2.4573249916074102,0.0027031898498535156
1648577049.574068,2.460075075533311,0.0027151107788085938
1648577049.5845928,2.4593250526444286,0.003243684768676758
1648577049.5941799,2.4578250068666647,0.002801179885864258
1648577049.6040916,2.458825037385174,0.002736330032348633
1648577049.6140985,2.4582000183111057,0.002737760543823242
1648577049.6240788,2.4538248847926267,0.0027229785919189453
1648577049.6340866,2.458075014496292,0.002727031707763672
1648577049.6440732,2.456324961088901,0.002719879150390625
1648577049.654092,2.4566999725333414,0.0027313232421875
1648577049.6641006,2.4505747856074707,0.002745389938354492
1648577049.6741004,2.4555749382000185,0.0027320384979248047
1648577049.684079,2.4515748161259805,0.0027267932891845703
1648577049.6941328,2.4529498580889313,0.002773284912109375
1648577049.704105,2.452074831385235,0.002750396728515625
1648577049.7141287,2.451824823755608,0.0027666091918945312
1648577049.72416,2.4530748619037444,0.0028052330017089844
1648577049.7351732,2.454449903866695,0.0038137435913085938
1648577049.7451782,2.4471996826075015,0.0038225650787353516
1648577049.755368,2.4511998046815395,0.004004955291748047
1648577049.7643409,2.447324686422315,0.0028769969940185547
1648577049.7741833,2.4503247779778436,0.00274658203125
1648577049.7844064,2.448574724570452,0.0029561519622802734
1648577049.7943835,2.4458246406445507,0.0029811859130859375
1648577049.8042576,2.4460746482741786,0.0028679370880126953
1648577049.8142667,2.4484497207556384,0.002870798110961914
1648577049.8243327,2.4471996826075015,0.0029354095458984375
1648577049.8341312,2.4486997283852654,0.0027146339416503906
1648577049.8445992,2.4454496292001098,0.0032546520233154297
1648577049.854048,2.4440745872371594,0.002696514129638672
1648577049.8644226,2.4461996520889917,0.003076314926147461
1648577049.8744102,2.4458246406445507,0.00307464599609375
1648577049.8843515,2.443574571977905,0.0030341148376464844
1648577049.8943646,2.4454496292001098,0.003048419952392578
1648577049.9043574,2.4466996673482466,0.0030410289764404297
1648577049.9143481,2.44782470168157,0.003027200698852539
1648577049.9243917,2.4471996826075015,0.0030438899993896484
1648577049.9344041,2.440324472792749,0.003065347671508789
1648577049.9443462,2.4419495223853267,0.003031015396118164
1648577049.954337,2.442199530014954,0.003022909164428711
1648577049.9643352,2.4420745262001406,0.003020048141479492
1648577049.974358,2.4448246101260414,0.003036975860595703
1648577049.9843621,2.4356993316446425,0.003046751022338867
1648577049.9943404,2.4419495223853267,0.003019571304321289
1648577050.004339,2.442699545274209,0.0030226707458496094
1648577050.0143394,2.443449568163091,0.003023862838745117
1648577050.0243368,2.4405744804223763,0.003021717071533203
1648577050.034348,2.439074434644612,0.00302886962890625
1648577050.0446484,2.440324472792749,0.0033326148986816406
1648577050.054355,2.4404494766075624,0.003039121627807617
1648577050.0643523,2.442199530014954,0.0030372142791748047
1648577050.0743573,2.4384494155705436,0.0030417442321777344
1648577050.084351,2.437449385052034,0.003038644790649414
1648577050.0943472,2.4321992248298594,0.0030312538146972656
1648577050.1043406,2.4373243812372207,0.0030248165130615234
1648577050.1143405,2.4336992706076237,0.003026723861694336
1648577050.1243458,2.436824365977966,0.003031015396118164
1648577050.1346233,2.4366993621631523,0.003307819366455078
1648577050.1446288,2.435574327829829,0.003313779830932617
1648577050.154618,2.4364493545335244,0.0033028125762939453
1648577050.1646192,2.4364493545335244,0.003304004669189453
1648577050.1746302,2.4360743430890834,0.0033156871795654297
1648577050.1846452,2.4361993469038974,0.003309011459350586
1648577050.1946259,2.4361993469038974,0.003305196762084961
1648577050.2046123,2.4320742210150454,0.003298044204711914
1648577050.2146347,2.4380744041261027,0.003317117691040039
1648577050.2246175,2.4380744041261027,0.003303050994873047
1648577050.234625,2.4326992400891143,0.003311634063720703
1648577050.244623,2.4333242591631827,0.0033082962036132812
1648577050.254624,2.4335742667928097,0.003307819366455078
1648577050.2646656,2.4319492172002324,0.0033516883850097656
1648577050.2746358,2.430324167607654,0.003311634063720703
1648577050.2846234,2.4318242133854184,0.003310680389404297
1648577050.2946231,2.4336992706076237,0.0033044815063476562
1648577050.304627,2.4321992248298594,0.003314495086669922
1648577050.3146288,2.4296991485335857,0.003307342529296875
1648577050.32466,2.4280740989410075,0.003345012664794922
1648577050.3346257,2.4313241981261635,0.003306150436401367
1648577050.344615,2.4313241981261635,0.0033004283905029297
1648577050.3546147,2.43119919431135,0.003294229507446289
1648577050.3646264,2.425199011200293,0.003310680389404297
1648577050.3746207,2.430324167607654,0.003304719924926758
1648577050.3846068,2.421948912015137,0.003294706344604492
1648577050.3946402,2.4233239539780875,0.003302335739135742
1648577050.404599,2.4229489425336466,0.0032842159271240234
1648577050.414617,2.424573992126225,0.003299713134765625
1648577050.4245954,2.420948881496628,0.0032808780670166016
1648577050.4346151,2.4229489425336466,0.003298521041870117
1648577050.4446,2.4270740684224985,0.0032851696014404297
1648577050.454728,2.4253240150151067,0.003409862518310547
1648577050.4646478,2.4269490646076846,0.0033333301544189453
1648577050.4746125,2.4199488509781184,0.003294229507446289
1648577050.4846513,2.4193238319040495,0.0033369064331054688
1648577050.4946327,2.424573992126225,0.0030367374420166016
1648577050.5046072,2.420073854792932,0.003289937973022461
1648577050.5147123,2.426199041718802,0.0033979415893554688
1648577050.52494,2.4148236945707575,0.003616809844970703
1648577050.534613,2.424573992126225,0.0032989978790283203
1648577050.5451186,2.41832380138554,0.0037407875061035156
1648577050.5547462,2.4256990264595477,0.0033261775970458984
1648577050.564728,2.426199041718802,0.0033178329467773438
1648577050.5746439,2.4254490188299203,0.0032684803009033203
1648577050.5846643,2.4238239692373424,0.0032835006713867188
1648577050.5945663,2.4254490188299203,0.003196239471435547
1648577050.6041858,2.4173237708670308,0.0028159618377685547
1648577050.6141624,2.4233239539780875,0.0027959346771240234
1648577050.624172,2.417573778496658,0.0028045177459716797
1648577050.6341603,2.420823877681814,0.002795696258544922
1648577050.6444454,2.4194488357188635,0.0029211044311523438
1648577050.65417,2.422698934904019,0.0027904510498046875
1648577050.6640668,2.422073915829951,0.002722501754760742
1648577050.6740825,2.4235739616077154,0.0027222633361816406
1648577050.684074,2.4199488509781184,0.0027246475219726562
1648577050.6940665,2.4193238319040495,0.002713441848754883
1648577050.704054,2.4213238929410688,0.0027065277099609375
1648577050.714047,2.4236989654225285,0.002695798873901367
1648577050.724042,2.4174487746818443,0.0026950836181640625
1648577050.7340717,2.422323923459578,0.0027201175689697266
1648577050.7440486,2.420448866237373,0.0027008056640625
1648577050.7540636,2.4229489425336466,0.0027136802673339844
1648577050.764042,2.411323587755974,0.002694845199584961
1648577050.7740657,2.419698843348491,0.0027124881744384766
1648577050.7840497,2.418448805200354,0.0027017593383789062
1648577050.7940598,2.4190738242744225,0.002704620361328125
1648577050.8040526,2.4193238319040495,0.002706766128540039
1648577050.8140564,2.4170737632374037,0.0027036666870117188
1648577050.8240404,2.417948789941099,0.002693653106689453
1648577050.8340583,2.418073793755913,0.0027043819427490234
1648577050.8440406,2.4213238929410688,0.002692699432373047
1648577050.8540573,2.420823877681814,0.0027043819427490234
1648577050.8642938,2.4159487289040804,0.0028886795043945312
1648577050.8745499,2.4189488204596086,0.0031385421752929688
1648577050.8842475,2.42169890438551,0.002845287322998047
1648577050.8942003,2.412448622089297,0.0028123855590820312
1648577050.9041,2.414448683126316,0.002701997756958008
1648577050.9140277,2.416698751792963,0.0026819705963134766
1648577050.924026,2.4105735648670916,0.0026845932006835938
1648577050.9341063,2.412573625904111,0.002750396728515625
1648577050.9440186,2.412323618274484,0.0026733875274658203
1648577050.9540715,2.416073732718894,0.002724885940551758
1648577050.9640174,2.412073610644856,0.002672433853149414
1648577050.974072,2.416573747978149,0.0027256011962890625
1648577050.984021,2.409323526718955,0.0026755332946777344
1648577050.9940434,2.411448591570788,0.0026831626892089844
1648577051.0040483,2.4151987060151985,0.0026869773864746094
1648577051.0140328,2.402573320719016,0.0026853084564208984
1648577051.024068,2.4115735953856015,0.0027251243591308594
1648577051.0340347,2.408573503830073,0.002684354782104492
1648577051.0440533,2.40744846949675,0.00270843505859375
1648577051.0541298,2.414448683126316,0.002763032913208008
1648577051.0641162,2.40032325205237,0.0027561187744140625
1648577051.074139,2.4010732749412522,0.002771139144897461
1648577051.0840962,2.4051984008301033,0.0027382373809814453
1648577051.0941355,2.403573351237526,0.0027709007263183594
1648577051.1041243,2.404323374126408,0.002765178680419922
1648577051.1141293,2.4060734275337996,0.002763032913208008
1648577051.1241016,2.406948454237495,0.0027430057525634766
1648577051.1341262,2.4070734580523085,0.0027599334716796875
1648577051.1440842,2.402573320719016,0.0027267932891845703
1648577051.1541114,2.40507339701529,0.002747058868408203
1648577051.164606,2.403698355052339,0.0032625198364257812
1648577051.1740427,2.4060734275337996,0.002680063247680664
1648577051.1840198,2.4065734427930536,0.002676248550415039
1648577051.194071,2.399823236793115,0.002721071243286133
1648577051.2040293,2.4045733817560353,0.0026879310607910156
1648577051.2143164,2.3979481795709097,0.002968311309814453
1648577051.2241,2.399573229163488,0.002727985382080078
1648577051.2340658,2.4010732749412522,0.0026993751525878906
1648577051.244078,2.397448164311655,0.002727985382080078
1648577051.2540638,2.4010732749412522,0.002721548080444336
1648577051.2640684,2.4011982787560657,0.0027205944061279297
1648577051.2740622,2.403573351237526,0.0027136802673339844
1648577051.2840633,2.403823358867153,0.002714872360229492
1648577051.2940388,2.3944480727561266,0.0026793479919433594
1648577051.304065,2.395448103274636,0.002718687057495117
1648577051.3140478,2.3976981719412827,0.0027031898498535156
1648577051.3240805,2.384822779015473,0.002727031707763672
1648577051.3340611,2.3879478743858153,0.0026993751525878906
1648577051.3440876,2.394823084200568,0.002741575241088867
1648577051.3541152,2.376447523422956,0.002755403518676758
1648577051.3641217,2.373322428052614,0.0027511119842529297
1648577051.374471,2.378447584459975,0.0030875205993652344
1648577051.3843112,2.3833227332377085,0.0029001235961914062
1648577051.394209,2.3825727103488266,0.002806425094604492
1648577051.4041097,2.384447767571032,0.002750396728515625
1648577051.4141781,2.380072634052553,0.002822399139404297
1648577051.4241207,2.3851977904599138,0.002761363983154297
1648577051.4341352,2.3754474929044465,0.002782106399536133
1648577051.444124,2.3825727103488266,0.0027658939361572266
1648577051.4540489,2.3664472182378615,0.002705812454223633
1648577051.4640713,2.369822321237831,0.0027227401733398438
1648577051.4740508,2.373572435682241,0.002700328826904297
1648577051.4840164,2.3729474166081728,0.0026693344116210938
1648577051.4940805,2.372572405163732,0.0027201175689697266
1648577051.504075,2.3703223364970856,0.002692699432373047
1648577051.5145063,2.3791976073488574,0.0031442642211914062
1648577051.5247405,2.3785725882747886,0.003386259078979492
1648577051.5346959,2.3763225196081423,0.0033507347106933594
1648577051.5443938,2.3730724204229867,0.00304412841796875
1648577051.5540984,2.369697317423017,0.0027396678924560547
1648577051.564109,2.3758225043488874,0.002745389938354492
1648577051.5740912,2.3769475386822108,0.002736806869506836
1648577051.5841043,2.3754474929044465,0.0027408599853515625
1648577051.5941892,2.3708223517563405,0.002834320068359375
1648577051.6040895,2.378322580645161,0.0027306079864501953
1648577051.6140795,2.37657252723777,0.0027222633361816406
1648577051.6240854,2.373822443311869,0.0027277469635009766
1648577051.6347146,2.376822534867397,0.0028192996978759766
1648577051.6441324,2.3600720236823634,0.0027353763580322266
1648577051.6544285,2.3719473860896634,0.002711772918701172
1648577051.6644228,2.369822321237831,0.0027027130126953125
1648577051.6744998,2.3729474166081728,0.0027420520782470703
1648577051.6844127,2.369572313608203,0.0026912689208984375
1648577051.6944492,2.365447187719352,0.0026903152465820312
1648577051.704422,2.366947233497116,0.002702474594116211
1648577051.714407,2.371697378460036,0.0026900768280029297
1648577051.7244086,2.3686972869045078,0.0026972293853759766
1648577051.7344086,2.369322305978576,0.002695322036743164
1648577051.7444227,2.365822199163793,0.0027005672454833984
1648577051.7544081,2.371322367015595,0.002694368362426758
1648577051.7644234,2.372322397534105,0.0027043819427490234
1648577051.7744055,2.369697317423017,0.0026929378509521484
1648577051.7844145,2.372072389904477,0.002699613571166992
1648577051.7944071,2.371697378460036,0.002695798873901367
1648577051.8049898,2.3624470961638235,0.0032777786254882812
1648577051.8144028,2.3624470961638235,0.0026869773864746094
1648577051.8244634,2.3644471572008423,0.002695322036743164
1648577051.8344076,2.3606970427564318,0.002694368362426758
1648577051.844408,2.367697256385998,0.002691030502319336
1648577051.8544056,2.3668222296823025,0.0026962757110595703
1648577051.8644185,2.3664472182378615,0.0026993751525878906
1648577051.8744993,2.368572283089694,0.0027446746826171875
1648577051.8844202,2.3624470961638235,0.0026979446411132812
1648577051.894425,2.367447248756371,0.0027000904083251953
1648577051.9044213,2.368322275460067,0.002702951431274414
1648577051.9144013,2.3671972411267435,0.002689838409423828
1648577051.9244132,2.3668222296823025,0.0026967525482177734
1648577051.9346137,2.362197088534196,0.0027899742126464844
1648577051.9445345,2.3650721762749107,0.0027251243591308594
1648577051.954414,2.367447248756371,0.002683877944946289
1648577051.96442,2.359447004608295,0.0026977062225341797
1648577051.9745152,2.3624470961638235,0.002802610397338867
1648577051.98452,2.3688222907193213,0.0028085708618164062
1648577051.9943926,2.3584469740897855,0.0026798248291015625
1648577052.004406,2.3568219244972073,0.0026848316192626953
1648577052.0144043,2.3583219702749716,0.002688884735107422
1648577052.0244007,2.363072115237892,0.0026786327362060547
1648577052.0343864,2.3568219244972073,0.0026769638061523438
1648577052.0444052,2.355821893978698,0.0026845932006835938
1648577052.054051,2.36369713431196,0.0027055740356445312
1648577052.0644155,2.3544468520157475,0.002694368362426758
1648577052.0744033,2.35519687490463,0.0026857852935791016
1648577052.0844045,2.355321878719443,0.0026857852935791016
1648577052.0943944,2.363322122867519,0.0026831626892089844
1648577052.104478,2.3608220465712453,0.002717256546020508
1648577052.1145198,2.3505717337565235,0.0027587413787841797
1648577052.1244283,2.3566969206823942,0.002702474594116211
1648577052.1344087,2.3541968443861205,0.0026979446411132812
1648577052.1445735,2.3489466841639457,0.0028524398803710938
1648577052.154514,2.356321909237953,0.002802133560180664
1648577052.1645045,2.359572008423109,0.0027878284454345703
1648577052.174512,2.3583219702749716,0.0028009414672851562
1648577052.184407,2.3605720389416183,0.0026879310607910156
1648577052.1943817,2.3509467452009645,0.002671480178833008
1648577052.2045832,2.356321909237953,0.002802610397338867
1648577052.2143965,2.3575719473860897,0.0026810169219970703
1648577052.2243993,2.3564469130527663,0.002682209014892578
1648577052.234393,2.356321909237953,0.0026807785034179688
1648577052.244555,2.3561969054231393,0.002836465835571289
1648577052.2543898,2.3568219244972073,0.0026798248291015625
1648577052.2643974,2.3540718405713066,0.0026831626892089844
1648577052.2744005,2.3449465620899077,0.002682924270629883
1648577052.2843971,2.353071810052797,0.0026793479919433594
1648577052.2944028,2.3523217871639153,0.002688169479370117
1648577052.304404,2.354696859645375,0.0026884078979492188
1648577052.3145084,2.355821893978698,0.0027930736541748047
1648577052.3244073,2.3435715201269574,0.0026962757110595703
1648577052.334391,2.3538218329416796,0.002680063247680664
1648577052.3444226,2.3501967223120825,0.00269317626953125
1648577052.354038,2.3445715506454663,0.0026895999908447266
1648577052.3641064,2.347571642200995,0.0027167797088623047
1648577052.37403,2.347571642200995,0.0026848316192626953
1648577052.3840418,2.3540718405713066,0.002690553665161133
1648577052.3940773,2.3513217566454054,0.0027043819427490234
1648577052.4040318,2.350821741386151,0.0026814937591552734
1648577052.4142432,2.348446668904691,0.002893209457397461
1648577052.4240568,2.350821741386151,0.0027048587799072266
1648577052.4340284,2.3374463332010866,0.0026798248291015625
1648577052.4447787,2.3370713217566457,0.0034296512603759766
1648577052.4551947,2.3421964781640066,0.0038383007049560547
1648577052.4651759,2.3435715201269574,0.0038111209869384766
1648577052.4751391,2.346321604052858,0.0037779808044433594
1648577052.4851806,2.3474466383861814,0.003822803497314453
1648577052.4951408,2.339196386608478,0.003784656524658203
1648577052.50518,2.3408214362010558,0.0038216114044189453
1648577052.5156465,2.3435715201269574,0.004291534423828125
1648577052.5252163,2.3439465315713983,0.003858327865600586
1648577052.5351481,2.345071565904721,0.003792285919189453
1648577052.5440383,2.3396964018677324,0.0026857852935791016
1648577052.5546558,2.3413214514603107,0.0033185482025146484
1648577052.56419,2.3483216650898773,0.0028543472290039062
1648577052.574692,2.3456965849787896,0.0033223628997802734
1648577052.5839732,2.3270710165715505,0.0026388168334960938
1648577052.5946493,2.3368213141270178,0.0033140182495117188
1648577052.6046689,2.3354462721640674,0.0033292770385742188
1648577052.6146572,2.3393213904232915,0.0033195018768310547
1648577052.6246362,2.334071230201117,0.003300189971923828
1648577052.6346457,2.3355712759788814,0.0033066272735595703
1648577052.6446424,2.334071230201117,0.0033082962036132812
1648577052.6540396,2.338821375164037,0.0026862621307373047
1648577052.6640248,2.3403214209418013,0.0026793479919433594
1648577052.6740441,2.3303211157567065,0.002687215805053711
1648577052.6840222,2.3313211462752164,0.002677440643310547
1648577052.6940331,2.331696157719657,0.0026814937591552734
1648577052.7040362,2.328446058534501,0.0026900768280029297
1648577052.7140412,2.335321268349254,0.002691507339477539
1648577052.7240248,2.3390713827936644,0.002679586410522461
1648577052.7340386,2.339196386608478,0.002683877944946289
1648577052.7440584,2.3390713827936644,0.002714872360229492
1648577052.75403,2.336446302682577,0.002680540084838867
1648577052.7640266,2.3369463179418317,0.002682924270629883
1648577052.7740316,2.3378213446455276,0.002681732177734375
1648577052.784037,2.33619629505295,0.00269317626953125
1648577052.794045,2.3338212225714896,0.0026977062225341797
1648577052.80403,2.3311961424604024,0.0026841163635253906
1648577052.8140416,2.319945799127171,0.002691984176635742
1648577052.8240302,2.329196081423383,0.002682924270629883
1648577052.8352737,2.3233209021271404,0.0038726329803466797
1648577052.8452613,2.3273210242011784,0.0038683414459228516
1648577052.8551571,2.323945921201209,0.003802061080932617
1648577052.864047,2.333696218756676,0.002696514129638672
1648577052.8740394,2.328196050904874,0.002682209014892578
1648577052.8840415,2.3220708639790035,0.0026912689208984375
1648577052.8940337,2.329821100497452,0.0026869773864746094
1648577052.90405,2.3286960661641287,0.002691984176635742
1648577052.914028,2.3225708792382584,0.0026836395263671875
1648577052.9240277,2.330071108127079,0.0026798248291015625
1648577052.9340365,2.321820856349376,0.0026912689208984375
1648577052.9440432,2.329571092867824,0.002693653106689453
1648577052.9540253,2.3311961424604024,0.002679109573364258
1648577052.9640317,2.330946134830775,0.0026824474334716797
1648577052.9740195,2.3285710623493148,0.002673625946044922
1648577052.9840314,2.321070833460494,0.002683877944946289
1648577052.9940236,2.3203208105716118,0.00267791748046875
1648577053.0040367,2.3270710165715505,0.002688169479370117
1648577053.0140254,2.3220708639790035,0.0026807785034179688
1648577053.0246108,2.3268210089419235,0.0032606124877929688
1648577053.0340254,2.315195654164251,0.0026798248291015625
1648577053.0440314,2.3200708029419843,0.002682209014892578
1648577053.0540156,2.319945799127171,0.002672433853149414
1648577053.0640264,2.3215708487197486,0.002678394317626953
1648577053.0740254,2.3226958830530715,0.0026733875274658203
1648577053.084032,2.325195959349345,0.002682924270629883
1648577053.0940702,2.3204458143864253,0.0026869773864746094
1648577053.1040375,2.324070925016022,0.002688169479370117
1648577053.1140242,2.3243209326456498,0.0026793479919433594
1648577053.1240313,2.3203208105716118,0.0026803016662597656
1648577053.1340132,2.319445783867916,0.0026688575744628906
1648577053.1440349,2.326070986053041,0.002685546875
1648577053.1540225,2.3256959746086,0.0026798248291015625
1648577053.1640348,2.3121955626087223,0.0026831626892089844
1648577053.174028,2.3188207647938475,0.0026824474334716797
1648577053.1840343,2.3228208868678855,0.0026862621307373047
1648577053.1940248,2.3140706198309275,0.0026819705963134766
1648577053.2040324,2.3138206122013,0.0026831626892089844
1648577053.2140257,2.3208208258308662,0.002682924270629883
1648577053.224033,2.307195410016175,0.002682924270629883
1648577053.2340217,2.3176957304605246,0.002678394317626953
1648577053.244027,2.318195745719779,0.0026793479919433594
1648577053.2540221,2.3083204443494982,0.002674102783203125
1648577053.2640443,2.3123205664235362,0.002694368362426758
1648577053.274037,2.3105705130161445,0.0026845932006835938
1648577053.284044,2.3128205816827903,0.002693653106689453
1648577053.2940233,2.313320596942045,0.0026776790618896484
1648577053.304029,2.3053203527939696,0.002679586410522461
1648577053.3141744,2.3078204290902433,0.002772808074951172
1648577053.3242836,2.3131955931272317,0.0028846263885498047
1648577053.3340557,2.3034452955717644,0.0027039051055908203
1648577053.3444154,2.311945554979095,0.002691030502319336
1648577053.3545108,2.3120705587939083,0.0027718544006347656
1648577053.3645284,2.2959450666829433,0.002760171890258789
1648577053.3745248,2.298820154423658,0.002756834030151367
1648577053.3845787,2.2999451887569813,0.002807140350341797
1648577053.3950765,2.3010702230903046,0.003252744674682617
1648577053.405062,2.3009452192754907,0.0032448768615722656
1648577053.414993,2.3054453566087836,0.003206491470336914
1648577053.4250183,2.307945432905057,0.0032258033752441406
1648577053.434972,2.3078204290902433,0.003198385238647461
1648577053.4449823,2.3085704519791252,0.003194093704223633
1648577053.4553528,2.3080704367198703,0.003636598587036133
1648577053.4653313,2.3100704977568896,0.003301858901977539
1648577053.4753206,2.309445478682821,0.0036160945892333984
1648577053.4853354,2.2886948454237497,0.0036351680755615234
1648577053.4953098,2.297945127719962,0.003621339797973633
1648577053.505335,2.298070131534776,0.003645181655883789
1648577053.5150728,2.3010702230903046,0.003712177276611328
1648577053.5254397,2.2969450972014527,0.003699779510498047
1648577053.535327,2.3004452040162358,0.003642559051513672
1648577053.545388,2.2829446699423204,0.0036933422088623047
1648577053.555334,2.299695181127354,0.0036470890045166016
1648577053.5653908,2.283444685201575,0.0036635398864746094
1648577053.5750647,2.2884448377941218,0.0033261775970458984
1648577053.584993,2.2843197119052707,0.0033054351806640625
1648577053.5949814,2.3000701925717952,0.0033054351806640625
1648577053.604977,2.277444502090518,0.003298044204711914
1648577053.6148303,2.2829446699423204,0.003151416778564453
1648577053.624966,2.2868197882015444,0.003286123275756836
1648577053.6346283,2.285444746238594,0.002958059310913086
1648577053.644327,2.282569658497879,0.002632617950439453
1648577053.6543763,2.2925699636829737,0.002676725387573242
1648577053.664404,2.2923199560533463,0.0026826858520507812
1648577053.6743934,2.2934449903866696,0.0026764869689941406
1648577053.6844134,2.282069643238624,0.002691030502319336
1648577053.6943984,2.2885698416089357,0.0026748180389404297
1648577053.7044024,2.280194586016419,0.0026857852935791016
1648577053.7143974,2.2779445173497725,0.0026786327362060547
1648577053.7243965,2.290944914090396,0.0026807785034179688
1648577053.7343886,2.2871947996459854,0.0026721954345703125
1648577053.744406,2.2875698110904263,0.0026819705963134766
1648577053.7543948,2.2863197729422895,0.0026748180389404297
1648577053.7643976,2.2789445478682824,0.0026819705963134766
1648577053.7743871,2.286194769127476,0.002674102783203125
1648577053.78444,2.2870697958311714,0.0026803016662597656
1648577053.7943914,2.277444502090518,0.0026781558990478516
1648577053.8044035,2.2863197729422895,0.002685546875
1648577053.8143954,2.2841947080904568,0.002681255340576172
1648577053.8245506,2.277069490646077,0.002739429473876953
1648577053.8340352,2.2859447614978485,0.0026895999908447266
1648577053.8440242,2.2920699484237193,0.0026786327362060547
1648577053.8540974,2.281819635608997,0.002742290496826172
1648577053.8641074,2.2791945554979094,0.0027475357055664062
1648577053.8741007,2.2864447767571034,0.0027387142181396484
1648577053.8840995,2.280194586016419,0.0027396678924560547
1648577053.894086,2.285569750053407,0.0027348995208740234
1648577053.9040833,2.2783195287942135,0.002723217010498047
1648577053.9142895,2.2788195440534684,0.0029354095458984375
1648577053.9243507,2.2780695211645865,0.0028095245361328125
1648577053.9340959,2.2819446394238105,0.0027413368225097656
1648577053.9440958,2.2779445173497725,0.002736330032348633
1648577053.9540186,2.2800695822016057,0.0026733875274658203
1648577053.9640124,2.285694753868221,0.0026667118072509766
1648577053.9740038,2.2735693838312936,0.0026619434356689453
1648577053.9840064,2.279069551683096,0.002661466598510742
1648577053.9939985,2.27581945249794,0.002657175064086914
1648577054.004013,2.277444502090518,0.002665996551513672
1648577054.0140076,2.2785695364238414,0.00266265869140625
1648577054.0240033,2.2831946775719474,0.0026597976684570312
1648577054.0339966,2.2788195440534684,0.002658843994140625
1648577054.0440063,2.277069490646077,0.0026619434356689453
1648577054.0540903,2.2766944792016357,0.0027365684509277344
1648577054.0641017,2.275194433423872,0.0027446746826171875
1648577054.0740921,2.282569658497879,0.002731800079345703
1648577054.0841136,2.283819696646016,0.0027532577514648438
1648577054.0940957,2.2826946623126925,0.0027451515197753906
1648577054.1040885,2.2843197119052707,0.002730846405029297
1648577054.1140885,2.2779445173497725,0.0027379989624023438
1648577054.124094,2.2823196508682515,0.00273895263671875
1648577054.1340778,2.2793195593127233,0.0027244091033935547
1648577054.1440878,2.281319620349742,0.002732515335083008
1648577054.154038,2.281069612720115,0.00267791748046875
1648577054.164018,2.281819635608997,0.0026705265045166016
1648577054.1740067,2.2806946012756737,0.002664804458618164
1648577054.1840127,2.2781945249794,0.0026671886444091797
1648577054.1940076,2.276944486831263,0.002667665481567383
1648577054.2040195,2.2789445478682824,0.0026750564575195312
1648577054.2139957,2.281319620349742,0.0026564598083496094
1648577054.2240176,2.2823196508682515,0.0026733875274658203
1648577054.2339966,2.2819446394238105,0.0026581287384033203
1648577054.2440274,2.2759444563127538,0.0026798248291015625
1648577054.2547321,2.2823196508682515,0.003292083740234375
1648577054.2641044,2.268569231238746,0.002748727798461914
1648577054.2740948,2.270319284646138,0.0027348995208740234
1648577054.2840922,2.272569353312784,0.0027341842651367188
1648577054.294151,2.2691942503128146,0.002775907516479492
1648577054.304902,2.2740693990905485,0.00299835205078125
1648577054.3143463,2.2806946012756737,0.0029327869415283203
1648577054.3244076,2.2779445173497725,0.0029947757720947266
1648577054.334214,2.281569627979369,0.0027959346771240234
1648577054.3441484,2.2739443952757346,0.0027778148651123047
1648577054.3542163,2.277319498275704,0.002737760543823242
1648577054.364508,2.2766944792016357,0.003175497055053711
1648577054.3740265,2.2663191625721,0.0026938915252685547
1648577054.3839865,2.267069185460982,0.002627134323120117
1648577054.3947966,2.2658191473128455,0.003427267074584961
1648577054.404797,2.2723193456831567,0.003448486328125
1648577054.4146445,2.273069368572039,0.003277301788330078
1648577054.4246702,2.273819391460921,0.0033004283905029297
1648577054.4346673,2.2713193151646474,0.0032982826232910156
1648577054.4447021,2.277319498275704,0.003335237503051758
1648577054.4547746,2.2723193456831567,0.003409147262573242
1648577054.4643738,2.2696942655720695,0.003019094467163086
1648577054.4742918,2.275069429609058,0.0029091835021972656
1648577054.4843006,2.262819055757317,0.0029196739196777344
1648577054.4942384,2.263069063386944,0.002860546112060547
1648577054.5042982,2.2658191473128455,0.002919435501098633
1648577054.514232,2.26869423505356,0.0028553009033203125
1648577054.5242813,2.270819299905393,0.002881765365600586
1648577054.534224,2.275194433423872,0.0028488636016845703
1648577054.5442424,2.263569078646199,0.0028662681579589844
1648577054.554254,2.2656941434980316,0.002877473831176758
1648577054.5651236,2.268569231238746,0.003622293472290039
1648577054.5745292,2.270319284646138,0.0031511783599853516
1648577054.5841086,2.2665691702017274,0.0027518272399902344
1648577054.5941343,2.2621940366832485,0.002782106399536133
1648577054.6040967,2.262944059572131,0.0027408599853515625
1648577054.6140847,2.2639440900906402,0.002725362777709961
1648577054.6240733,2.2653191320535906,0.0027108192443847656
1648577054.6340716,2.2663191625721,0.002713441848754883
1648577054.6440773,2.2665691702017274,0.0027260780334472656
1648577054.6540744,2.270694296090579,0.0027289390563964844
1648577054.664049,2.2620690328684345,0.0026988983154296875
1648577054.6740527,2.2716943266090888,0.0026998519897460938
1648577054.6840467,2.2699442732016966,0.002697467803955078
1648577054.6940756,2.2554438306833093,0.0026946067810058594
1648577054.7040622,2.2613190099795526,0.002695322036743164
1648577054.7140245,2.260818994720298,0.0026824474334716797
1648577054.7240214,2.2678192083498643,0.0026786327362060547
1648577054.734013,2.26869423505356,0.0026726722717285156
1648577054.7440317,2.2581939146092105,0.0026826858520507812
1648577054.7541888,2.2678192083498643,0.0028488636016845703
1648577054.7641861,2.2625690481276894,0.0027587413787841797
1648577054.7743423,2.250443678090762,0.0029370784759521484
1648577054.7841914,2.263319071016572,0.0027549266815185547
1648577054.7945476,2.2574438917203286,0.0031425952911376953
1648577054.8042803,2.264819116794336,0.0028760433197021484
1648577054.8142443,2.262694051942503,0.0028564929962158203
1648577054.8242438,2.2614440137943665,0.0028543472290039062
1648577054.834835,2.2663191625721,0.0029497146606445312
1648577054.8446841,2.2680692159794917,0.0028009414672851562
1648577054.8549914,2.258318918424024,0.0030062198638916016
1648577054.8649404,2.264694112979522,0.0036008358001708984
1648577054.8743997,2.2639440900906402,0.0030603408813476562
1648577054.884323,2.254818811609241,0.003014087677001953
1648577054.8943303,2.25206872768334,0.003017902374267578
1648577054.9045134,2.261069002349925,0.0030066967010498047
1648577054.914519,2.254818811609241,0.0030133724212646484
1648577054.924496,2.263319071016572,0.0029942989349365234
1648577054.9345014,2.2625690481276894,0.002997875213623047
1648577054.9444928,2.253568773461104,0.002995729446411133
1648577054.9545572,2.2625690481276894,0.003031015396118164
1648577054.9643223,2.250443678090762,0.003010272979736328
1648577054.9745092,2.2551938230536823,0.003008127212524414
1648577054.984502,2.25681887264626,0.0030069351196289062
1648577054.994511,2.254943815424055,0.0030078887939453125
1648577055.0044963,2.2489436323129977,0.0029997825622558594
1648577055.014594,2.254193792535173,0.0030546188354492188
1648577055.0246136,2.250318674275948,0.003064870834350586
1648577055.0345225,2.260443983275857,0.003021240234375
1648577055.044527,2.25681887264626,0.003022432327270508
1648577055.0545225,2.241443403424177,0.0030279159545898438
1648577055.0645258,2.2466935636463514,0.0030202865600585938
1648577055.0745282,2.24494351023896,0.003021717071533203
1648577055.0845222,2.2423184301278725,0.003019571304321289
1648577055.0945122,2.242193426313059,0.003014802932739258
1648577055.104527,2.2554438306833093,0.003020763397216797
1648577055.1145134,2.250193670461135,0.0030128955841064453
1648577055.1245184,2.2565688650166327,0.0030171871185302734
1648577055.1345084,2.2511937009796443,0.003009319305419922
1648577055.1445138,2.250068666646321,0.003010272979736328
1648577055.1545258,2.2486936246833706,0.003027677536010742
1648577055.1645231,2.253943784905545,0.003018617630004883
1648577055.1745055,2.250818689535203,0.0030083656311035156
1648577055.18452,2.2521937314981537,0.003015756607055664
1648577055.1945078,2.256443861201819,0.0030112266540527344
1648577055.2045205,2.239443342387158,0.003017902374267578
1648577055.2145061,2.246568559831538,0.0030090808868408203
1648577055.224502,2.2475685903500473,0.0029993057250976562
1648577055.234513,2.233568163090915,0.003016233444213867
1648577055.2445326,2.237443281350139,0.0030286312103271484
1648577055.2546663,2.245693533127842,0.003170013427734375
1648577055.2645955,2.2475685903500473,0.0030536651611328125
1648577055.2745767,2.2466935636463514,0.0030498504638671875
1648577055.284528,2.24156840723899,0.003027677536010742
1648577055.2945096,2.2410683919797356,0.0030143260955810547
1648577055.3045359,2.2441934873500777,0.0030307769775390625
1648577055.3145194,2.246068544572283,0.003019094467163086
1648577055.3245223,2.240943388164922,0.003020763397216797
1648577055.3345208,2.2408183843501086,0.0030243396759033203
1648577055.3448288,2.2466935636463514,0.0033159255981445312
1648577055.3546813,2.2489436323129977,0.003175497055053711
1648577055.36454,2.23544322031312,0.003033161163330078
1648577055.37453,2.2428184453871274,0.003029346466064453
1648577055.3845222,2.2431934568315683,0.003019094467163086
1648577055.39456,2.2391933347575304,0.0030374526977539062
1648577055.4045289,2.245818536942656,0.0030257701873779297
1648577055.4145184,2.242193426313059,0.003018617630004883
1648577055.4245183,2.2315681020538958,0.0030155181884765625
1648577055.4345284,2.2364432508316296,0.0030286312103271484
1648577055.4445243,2.2345681936094244,0.003023862838745117
1648577055.4545124,2.2306930753502,0.0030176639556884766
1648577055.4645193,2.2384433118686484,0.003016233444213867
1648577055.4745245,2.237693288979766,0.003021717071533203
1648577055.4845257,2.2410683919797356,0.003023862838745117
1648577055.4945743,2.2439434797204507,0.003049612045288086
1648577055.5045173,2.2380683004242075,0.0030181407928466797
1648577055.5145147,2.2380683004242075,0.0030150413513183594
1648577055.5245903,2.241818414868618,0.0030591487884521484
1648577055.5345175,2.2344431897946104,0.003010988235473633
1648577055.5445154,2.2408183843501086,0.003022432327270508
1648577055.554165,2.238193304239021,0.002663850784301758
1648577055.5642161,2.2451935178685876,0.002851724624633789
1648577055.5741944,2.233193151646474,0.00281524658203125
1648577055.5841854,2.237068269905698,0.0028200149536132812
1648577055.594199,2.241693411053804,0.002827882766723633
1648577055.6041553,2.2431934568315683,0.0027871131896972656
1648577055.614175,2.23306814783166,0.0027997493743896484
1648577055.624188,2.2385683156834624,0.002821683883666992
1648577055.6342034,2.224192876979888,0.0028297901153564453
1648577055.6442306,2.22831800286874,0.0028645992279052734
1648577055.654201,2.236943266090884,0.002826690673828125
1648577055.6640894,2.228943021942808,0.0027358531951904297
1648577055.6740775,2.2364432508316296,0.002710103988647461
1648577055.6840742,2.222942838831752,0.0027251243591308594
1648577055.6951709,2.228693014313181,0.003814697265625
1648577055.70513,2.2299430524613175,0.003779172897338867
1648577055.7151725,2.218567705313273,0.0038166046142578125
1648577055.724463,2.2279429914242987,0.0030694007873535156
1648577055.7342725,2.2323181249427777,0.0028688907623291016
1648577055.7443523,2.2328181402020326,0.0029556751251220703
1648577055.7542808,2.2323181249427777,0.002882719039916992
1648577055.7641392,2.220442762535478,0.002777099609375
1648577055.7743685,2.2315681020538958,0.002961397171020508
1648577055.7843482,2.231443098239082,0.0029458999633789062
1648577055.7943373,2.2264429456465344,0.002933979034423828
1648577055.8043594,2.2276929837946717,0.0029523372650146484
1648577055.8140025,2.229443037202063,0.0026352405548095703
1648577055.8246114,2.227442976165044,0.003264188766479492
1648577055.8346267,2.2125675222022156,0.0032753944396972656
1648577055.8446033,2.226317941831721,0.0032570362091064453
1648577055.8539705,2.227567979979858,0.002615213394165039
1648577055.8645391,2.2179426862392044,0.0031991004943847656
1648577055.8741062,2.219567735831782,0.0027539730072021484
1648577055.884187,2.227442976165044,0.002794027328491211
1648577055.894662,2.2279429914242987,0.0032804012298583984
1648577055.9045758,2.2085674001281776,0.003217458724975586
1648577055.9145343,2.2200677510910367,0.0032024383544921875
1648577055.9245024,2.2244428846095157,0.003177165985107422
1648577055.9345126,2.2256929227576525,0.003178834915161133
1648577055.9444883,2.2114424878688923,0.003164052963256836
1648577055.954516,2.2200677510910367,0.003185272216796875
1648577055.9646769,2.2209427777947326,0.003278493881225586
1648577055.9740107,2.2240678731650747,0.0026705265045166016
1648577055.9840367,2.2154426099429303,0.002679586410522461
1648577055.9943388,2.2220678121280555,0.002973318099975586
1648577056.004044,2.220692770165105,0.002703428268432617
1648577056.0140533,2.2225678273873104,0.002709627151489258
1648577056.024037,2.220442762535478,0.0026955604553222656
1648577056.0340462,2.220442762535478,0.002701997756958008
1648577056.0440416,2.2240678731650747,0.002702474594116211
1648577056.0540495,2.2095674306466875,0.0027039051055908203
1648577056.0643032,2.2135675527207255,0.0028607845306396484
1648577056.0741737,2.218692709128086,0.002788066864013672
1648577056.0841446,2.208067384868923,0.0027604103088378906
1648577056.0941262,2.210567461165197,0.0027761459350585938
1648577056.1041214,2.2110674764244513,0.002762317657470703
1648577056.114116,2.210192449720756,0.002763509750366211
1648577056.1241355,2.220317758720664,0.0027751922607421875
1648577056.1341023,2.2125675222022156,0.0027506351470947266
1648577056.144125,2.212442518387402,0.0027675628662109375
1648577056.154103,2.214567583239235,0.0027523040771484375
1648577056.1643004,2.2134425489059115,0.0028319358825683594
1648577056.1740203,2.2083173924985506,0.0026819705963134766
1648577056.184037,2.218317697683645,0.00269317626953125
1648577056.194023,2.219567735831782,0.0026826858520507812
1648577056.2040498,2.2169426557206946,0.002707958221435547
1648577056.214057,2.2039422589800712,0.00270843505859375
1648577056.2240376,2.210567461165197,0.0026941299438476562
1648577056.2340143,2.2188177129429,0.0026781558990478516
1648577056.2440448,2.1980670796838284,0.0027015209197998047
1648577056.2540355,2.2045672780541397,0.002695322036743164
1648577056.2640543,2.2006921597949156,0.0027081966400146484
1648577056.2741318,2.2026922208319344,0.0027713775634765625
1648577056.2841213,2.204442274239326,0.0027632713317871094
1648577056.2941175,2.2090674153874326,0.002766132354736328
1648577056.3041182,2.214817590868862,0.0027608871459960938
1648577056.3141148,2.210817468794824,0.0027637481689453125
1648577056.3241212,2.1900668355357524,0.0027632713317871094
1648577056.3342195,2.1961920224616227,0.002807140350341797
1648577056.3441243,2.1948169804986724,0.002762317657470703
1648577056.3550138,2.1944419690542314,0.00360870361328125
1648577056.364971,2.205317300943022,0.0036029815673828125
1648577056.374667,2.1949419843134863,0.0033216476440429688
1648577056.3846705,2.2094424268318735,0.003313779830932617
1648577056.3946893,2.209692434461501,0.0033202171325683594
1648577056.4046624,2.2094424268318735,0.003312349319458008
1648577056.4146397,2.208442396313364,0.0032982826232910156
1648577056.4246593,2.1906918546098213,0.0033113956451416016
1648577056.434717,2.2045672780541397,0.003327608108520508
1648577056.444457,2.2001921445356607,0.0030851364135742188
1648577056.4540877,2.1998171330912197,0.0027370452880859375
1648577056.4640756,2.1989421063875243,0.002717733383178711
1648577056.4744492,2.2006921597949156,0.002725362777709961
1648577056.4844425,2.197567064424574,0.002723217010498047
1648577056.4944468,2.19269191564684,0.0027344226837158203
1648577056.5044258,2.1998171330912197,0.002708911895751953
1648577056.5149643,2.2015671864986115,0.0032625198364257812
1648577056.5244873,2.2008171636097296,0.0027289390563964844
1648577056.5344405,2.1996921292764062,0.0027205944061279297
1648577056.5444267,2.1949419843134863,0.0027060508728027344
1648577056.5544229,2.1928169194616536,0.0027170181274414062
1648577056.564457,2.198317087313456,0.002720355987548828
1648577056.5744853,2.1863167210913423,0.002776622772216797
1648577056.584503,2.1950669881283,0.0027251243591308594
1648577056.594408,2.197067049165319,0.002690553665161133
1648577056.604055,2.1913168736838893,0.0027055740356445312
1648577056.6140273,2.1884417859431746,0.0026853084564208984
1648577056.6240447,2.197567064424574,0.002696990966796875
1648577056.6340353,2.194191961424604,0.002691030502319336
1648577056.6440506,2.1951919919431133,0.002705097198486328
1648577056.6540322,2.19744206060976,0.0026934146881103516
1648577056.6644392,2.2003171483504746,0.003093242645263672
1648577056.6741252,2.2006921597949156,0.0027713775634765625
1648577056.6846638,2.198567094943083,0.003311634063720703
1648577056.6947093,2.193066927091281,0.0033288002014160156
1648577056.7046883,2.189191808832057,0.0033392906188964844
1648577056.7146354,2.1958170110171817,0.003290414810180664
1648577056.7246568,2.2015671864986115,0.0033059120178222656
1648577056.7346654,2.1865667287209694,0.003320455551147461
1648577056.744643,2.19031684316538,0.003294706344604492
1648577056.754643,2.1905668507950073,0.003298044204711914
1648577056.7647548,2.1856917020172735,0.003403186798095703
1648577056.7745156,2.1918168889431437,0.0031821727752685547
1648577056.7845087,2.1875667592394787,0.0031681060791015625
1648577056.7945154,2.1866917325357833,0.003178834915161133
1648577056.8045025,2.1863167210913423,0.0031614303588867188
1648577056.8145232,2.1953169957579273,0.0031871795654296875
1648577056.8245666,2.201817194128239,0.003226757049560547
1648577056.8345158,2.1901918393505664,0.0031821727752685547
1648577056.844535,2.19744206060976,0.003194093704223633
1648577056.8545315,2.189566820276498,0.003195047378540039
1648577056.8645277,2.185941709646901,0.0031898021697998047
1648577056.8745239,2.189191808832057,0.0031807422637939453
1648577056.884529,2.2010671712393566,0.003186941146850586
1648577056.894521,2.1839416486098817,0.003182649612426758
1648577056.9045484,2.185191686758019,0.0031976699829101562
1648577056.9145367,2.188566789757988,0.0031998157501220703
1648577056.9243042,2.1888167973876156,0.002965211868286133
1648577056.9340274,2.189191808832057,0.002676725387573242
1648577056.9439943,2.187441755424665,0.002657175064086914
1648577056.95466,2.189441816461684,0.0033109188079833984
1648577056.9641,2.1909418622394483,0.002764463424682617
1648577056.9740355,2.1915668813135167,0.0026955604553222656
1648577056.984035,2.1913168736838893,0.0026922225952148438
1648577056.994033,2.1858167058320874,0.0026938915252685547
1648577057.004086,2.1918168889431437,0.002740144729614258
1648577057.0140333,2.1875667592394787,0.002689361572265625
1648577057.0248163,2.185941709646901,0.003468751907348633
1648577057.034403,2.18556669820246,0.003057241439819336
1648577057.0441256,2.1866917325357833,0.0027768611907958984
1648577057.0543864,2.187066743980224,0.003042936325073242
1648577057.064336,2.1876917630542927,0.0029838085174560547
1648577057.0742793,2.1954419995727408,0.0029180049896240234
1648577057.084285,2.193441938535722,0.0029125213623046875
1648577057.0943236,2.1904418469801934,0.002957582473754883
1648577057.104279,2.1876917630542927,0.0029206275939941406
1648577057.1142857,2.189066805017243,0.0029304027557373047
1648577057.1241887,2.1884417859431746,0.0028285980224609375
1648577057.1341672,2.1883167821283607,0.002810239791870117
1648577057.144229,2.1864417249061554,0.002828836441040039
1648577057.1548367,2.1908168584246344,0.0034563541412353516
1648577057.16427,2.187441755424665,0.0029189586639404297
1648577057.1740346,2.187066743980224,0.0026900768280029297
1648577057.184037,2.1959420148319957,0.0027000904083251953
1648577057.1940403,2.1960670186468096,0.0026955604553222656
1648577057.2040184,2.1880667744987337,0.0026781558990478516
1648577057.2140272,2.1869417401654103,0.002682924270629883
1648577057.2240238,2.185441694387646,0.0026841163635253906
1648577057.234035,2.1879417706839197,0.0026934146881103516
1648577057.2440243,2.1879417706839197,0.002685546875
1648577057.2540379,2.196942045350505,0.002678394317626953
1648577057.2640424,2.1923169042023987,0.0026988983154296875
1648577057.2741253,2.1880667744987337,0.002760171890258789
1648577057.2841039,2.189066805017243,0.0027551651000976562
1648577057.2941213,2.188941801202429,0.002769947052001953
1648577057.3041136,2.1869417401654103,0.0027627944946289062
1648577057.3140993,2.189566820276498,0.002744913101196289
1648577057.3241081,2.1880667744987337,0.0027582645416259766
1648577057.334188,2.1956920072023682,0.0028035640716552734
1648577057.3441198,2.1875667592394787,0.0027632713317871094
1648577057.3541322,2.1883167821283607,0.002775430679321289
1648577057.3641276,2.1876917630542927,0.002774953842163086
1648577057.374053,2.1884417859431746,0.0027077198028564453
1648577057.384169,2.189191808832057,0.0028297901153564453
1648577057.394075,2.189566820276498,0.0027108192443847656
1648577057.4041321,2.189816827906125,0.0027353763580322266
1648577057.4140737,2.1896918240913115,0.0027272701263427734
1648577057.4240296,2.19031684316538,0.002691507339477539
1648577057.4340386,2.1900668355357524,0.0026955604553222656
1648577057.4440298,2.19031684316538,0.002692699432373047
1648577057.454079,2.1924419080172126,0.002703428268432617
1648577057.4641948,2.189191808832057,0.0028276443481445312
1648577057.474138,2.188691793572802,0.0027751922607421875
1648577057.4841306,2.189191808832057,0.0027704238891601562
1648577057.494113,2.18931681264687,0.0027599334716796875
1648577057.5041256,2.189441816461684,0.0027697086334228516
1648577057.5141144,2.189066805017243,0.002764463424682617
1648577057.5241582,2.1888167973876156,0.0027785301208496094
1648577057.5341172,2.189941831720939,0.002768993377685547
1648577057.544124,2.189816827906125,0.0027687549591064453
1648577057.5541184,2.1923169042023987,0.0027701854705810547
1648577057.564135,2.189441816461684,0.002778768539428711
1648577057.5742848,2.189066805017243,0.002936124801635742
1648577057.5841324,2.1875667592394787,0.002776622772216797
1648577057.594354,2.189066805017243,0.003003835678100586
1648577057.6042895,2.192191900387585,0.002932310104370117
1648577057.6142967,2.1900668355357524,0.0029425621032714844
1648577057.624128,2.189816827906125,0.002770662307739258
1648577057.634265,2.1896918240913115,0.0029129981994628906
1648577057.6441321,2.189816827906125,0.002778768539428711
1648577057.6542633,2.1888167973876156,0.002912759780883789
1648577057.664137,2.1918168889431437,0.002782106399536133
1648577057.6742826,2.1905668507950073,0.0029230117797851562
1648577057.684125,2.1896918240913115,0.00276947021484375
1648577057.6943934,2.1900668355357524,0.0030426979064941406
1648577057.7041466,2.1904418469801934,0.002787351608276367
1648577057.7142103,2.1900668355357524,0.0028047561645507812
1648577057.7241325,2.1904418469801934,0.0027747154235839844
1648577057.7343147,2.1913168736838893,0.0029642581939697266
1648577057.7441268,2.1900668355357524,0.0027701854705810547
1648577057.7541125,2.1919418927579577,0.002760171890258789
1648577057.7641335,2.1911918698690758,0.0027763843536376953
1648577057.774033,2.1904418469801934,0.0026941299438476562
1648577057.7840297,2.193066927091281,0.0026869773864746094
1648577057.794692,2.1923169042023987,0.0033540725708007812
1648577057.804026,2.1924419080172126,0.0026841163635253906
1648577057.81405,2.191066866054262,0.0027008056640625
1648577057.8240237,2.1919418927579577,0.0026824474334716797
1648577057.8340213,2.1913168736838893,0.002683401107788086
1648577057.8440337,2.1918168889431437,0.002691507339477539
1648577057.8540227,2.1904418469801934,0.0026824474334716797
1648577057.8666053,2.1906918546098213,0.0052144527435302734
1648577057.8743844,2.1919418927579577,0.002963542938232422
1648577057.8843644,2.189566820276498,0.002962350845336914
1648577057.894378,2.1913168736838893,0.0029723644256591797
1648577057.9041266,2.191066866054262,0.0027441978454589844
1648577057.9140854,2.1916918851283307,0.0027344226837158203
1648577057.9244788,2.189816827906125,0.002747774124145508
1648577057.9344468,2.1919418927579577,0.0027251243591308594
1648577057.9444723,2.1900668355357524,0.0027451515197753906
1648577057.9544458,2.1908168584246344,0.0027229785919189453
1648577057.9644332,2.1909418622394483,0.0027115345001220703
1648577057.974369,2.1905668507950073,0.002652883529663086
1648577057.984324,2.1906918546098213,0.0026481151580810547
1648577057.9943001,2.1908168584246344,0.002637624740600586
1648577058.0049877,2.191441877498703,0.0033195018768310547
1648577058.014299,2.1923169042023987,0.0026383399963378906
1648577058.0249856,2.1909418622394483,0.0033190250396728516
1648577058.0349805,2.191441877498703,0.0033142566680908203
1648577058.0442967,2.1919418927579577,0.002635478973388672
1648577058.0542963,2.1918168889431437,0.002631664276123047
1648577058.0650787,2.191066866054262,0.0034151077270507812
1648577058.074469,2.1913168736838893,0.002694845199584961
1648577058.0844057,2.191066866054262,0.0026891231536865234
1648577058.094404,2.1904418469801934,0.002691507339477539
1648577058.1043968,2.193441938535722,0.0026853084564208984
1648577058.1143856,2.1928169194616536,0.002684354782104492
1648577058.1245556,2.1904418469801934,0.0028171539306640625
1648577058.134385,2.19269191564684,0.0026807785034179688
1648577058.1444027,2.1913168736838893,0.0026862621307373047
1648577058.1544037,2.1909418622394483,0.0026979446411132812
1648577058.1643999,2.193691946165349,0.002691507339477539
1648577058.174385,2.1918168889431437,0.0026814937591552734
1648577058.1844156,2.192191900387585,0.0026988983154296875
1648577058.1943896,2.1905668507950073,0.002681732177734375
1648577058.2044015,2.1915668813135167,0.002690553665161133
1648577058.2143917,2.1906918546098213,0.002683877944946289
1648577058.2244031,2.19031684316538,0.0026984214782714844
1648577058.2343907,2.1908168584246344,0.002683401107788086
1648577058.2443972,2.1916918851283307,0.0026891231536865234
1648577058.2543857,2.1911918698690758,0.002680540084838867
1648577058.2643945,2.191441877498703,0.002687692642211914
1648577058.274402,2.1918168889431437,0.002689838409423828
1648577058.2843988,2.1904418469801934,0.0026879310607910156
1648577058.2943966,2.1900668355357524,0.002687692642211914
1648577058.3044078,2.1913168736838893,0.0026934146881103516
1648577058.3145883,2.1919418927579577,0.0027108192443847656
1648577058.3244193,2.1906918546098213,0.0026984214782714844
1648577058.334399,2.192191900387585,0.0026922225952148438
1648577058.344433,2.1911918698690758,0.002717733383178711
1648577058.3543906,2.1919418927579577,0.0026912689208984375
1648577058.364507,2.1901918393505664,0.002794981002807617
1648577058.3744016,2.191441877498703,0.0026831626892089844
1648577058.3844213,2.1915668813135167,0.002711772918701172
1648577058.3945773,2.191066866054262,0.002841472625732422
1648577058.4043994,2.1909418622394483,0.0026924610137939453
1648577058.4144034,2.192191900387585,0.0026884078979492188
1648577058.4250834,2.191066866054262,0.0033648014068603516
1648577058.4343817,2.1911918698690758,0.0026731491088867188
1648577058.4444714,2.1919418927579577,0.0026907920837402344
1648577058.4543798,2.1911918698690758,0.0026788711547851562
1648577058.464398,2.191066866054262,0.0026853084564208984
1648577058.4743981,2.189941831720939,0.0026848316192626953
1648577058.4844022,2.1906918546098213,0.002688884735107422
1648577058.4943948,2.189941831720939,0.0026824474334716797
1648577058.5044043,2.193441938535722,0.002687215805053711
1648577058.5143945,2.1918168889431437,0.002687215805053711
1648577058.524106,2.1906918546098213,0.002733469009399414
1648577058.5344172,2.1915668813135167,0.002696990966796875
1648577058.5444057,2.1923169042023987,0.002696990966796875
1648577058.5543938,2.19269191564684,0.002697467803955078
1648577058.5643985,2.193066927091281,0.0026917457580566406
1648577058.5744488,2.1911918698690758,0.002710103988647461
1648577058.5844336,2.1911918698690758,0.002705097198486328
1648577058.5944188,2.1916918851283307,0.0026938915252685547
1648577058.6044042,2.1916918851283307,0.0026988983154296875
1648577058.6140404,2.1913168736838893,0.0026950836181640625
1648577058.6240318,2.193066927091281,0.002683877944946289
1648577058.6340327,2.191441877498703,0.0026895999908447266
1648577058.644039,2.1904418469801934,0.002690553665161133
1648577058.6540222,2.191441877498703,0.0026750564575195312
1648577058.6640496,2.192566911832026,0.0026988983154296875
1648577058.6740434,2.1916918851283307,0.0026938915252685547
1648577058.6840398,2.192566911832026,0.002691030502319336
1648577058.6940305,2.1911918698690758,0.0026865005493164062
1648577058.704043,2.1904418469801934,0.002697467803955078
1648577058.7140243,2.1913168736838893,0.0026798248291015625
1648577058.7240312,2.1911918698690758,0.002688884735107422
1648577058.7340372,2.192191900387585,0.002691030502319336
1648577058.7440457,2.1918168889431437,0.0026977062225341797
1648577058.7540386,2.192941923276467,0.0026955604553222656
1648577058.7640436,2.1919418927579577,0.002693653106689453
1648577058.7740467,2.192191900387585,0.002701282501220703
1648577058.784049,2.1908168584246344,0.0027008056640625
1648577058.7940366,2.1928169194616536,0.002690553665161133
1648577058.8040335,2.191441877498703,0.002686738967895508
1648577058.8140247,2.1909418622394483,0.0026819705963134766
1648577058.824083,2.1911918698690758,0.0026977062225341797
1648577058.834069,2.1918168889431437,0.002699136734008789
1648577058.8447666,2.1924419080172126,0.003414154052734375
1648577058.8544173,2.193691946165349,0.0030701160430908203
1648577058.8640902,2.1924419080172126,0.002738475799560547
1648577058.8740904,2.1918168889431437,0.0027306079864501953
1648577058.8840647,2.1906918546098213,0.002714872360229492
1648577058.8940423,2.191441877498703,0.002703428268432617
1648577058.9040844,2.1915668813135167,0.002734661102294922
1648577058.9140701,2.1928169194616536,0.0027239322662353516
1648577058.9240382,2.193441938535722,0.0026984214782714844
1648577058.93405,2.1923169042023987,0.002704143524169922
1648577058.9440446,2.1919418927579577,0.0027055740356445312
1648577058.9540496,2.193691946165349,0.0027074813842773438
1648577058.9640462,2.1923169042023987,0.0027053356170654297
1648577058.9741426,2.1931919309060945,0.0027816295623779297
1648577058.984131,2.193441938535722,0.0027778148651123047
1648577058.994139,2.1919418927579577,0.002779245376586914
1648577059.0041306,2.192191900387585,0.0027790069580078125
1648577059.0141304,2.1919418927579577,0.0027725696563720703
1648577059.0241237,2.1924419080172126,0.0027725696563720703
1648577059.0341082,2.1920668965727717,0.002749204635620117
1648577059.044133,2.1924419080172126,0.002784252166748047
1648577059.054143,2.193441938535722,0.0027801990509033203
1648577059.0648596,2.1918168889431437,0.003506898880004883
1648577059.0740561,2.1940669576097904,0.002700328826904297
1648577059.0840766,2.1919418927579577,0.0027022361755371094
1648577059.0940413,2.1920668965727717,0.002698659896850586
1648577059.1040287,2.193441938535722,0.002688169479370117
1648577059.1140378,2.192191900387585,0.0026950836181640625
1648577059.1240368,2.192941923276467,0.0026984214782714844
1648577059.1340358,2.19269191564684,0.0026924610137939453
1648577059.1440518,2.1931919309060945,0.0027146339416503906
1648577059.1540399,2.1920668965727717,0.0026988983154296875
1648577059.1640441,2.1931919309060945,0.002706289291381836
1648577059.1742942,2.192941923276467,0.002850055694580078
1648577059.1841326,2.193066927091281,0.0027818679809570312
1648577059.1941411,2.192191900387585,0.0027849674224853516
1648577059.204128,2.1928169194616536,0.002776622772216797
1648577059.2141383,2.19269191564684,0.0027794837951660156
1648577059.2243986,2.1920668965727717,0.003047466278076172
1648577059.2347274,2.193566942350536,0.0033211708068847656
1648577059.2446558,2.1931919309060945,0.0032911300659179688
1648577059.2545435,2.193316934720908,0.0031709671020507812
1648577059.2641275,2.1931919309060945,0.002771139144897461
1648577059.2742977,2.1919418927579577,0.0028192996978759766
1648577059.2840815,2.193441938535722,0.002712249755859375
1648577059.2941182,2.192191900387585,0.0027358531951904297
1648577059.3040402,2.193816949980163,0.0026903152465820312
1648577059.314039,2.1945669728690453,0.0026924610137939453
1648577059.3240354,2.1949419843134863,0.0026950836181640625
1648577059.3340445,2.193441938535722,0.002697467803955078
1648577059.3440337,2.1961920224616227,0.0026938915252685547
1648577059.354031,2.1971920529801325,0.002685546875
1648577059.3640327,2.197067049165319,0.002688884735107422
1648577059.3740582,2.198192083498642,0.002688169479370117
1648577059.3840358,2.197317056794946,0.0026946067810058594
1648577059.3940475,2.197067049165319,0.0026810169219970703
1648577059.4040272,2.197317056794946,0.0026845932006835938
1648577059.4140396,2.197942075869015,0.002691030502319336
1648577059.4240246,2.19744206060976,0.0026831626892089844
1648577059.4340394,2.197567064424574,0.0026912689208984375
1648577059.444018,2.1971920529801325,0.002675294876098633
1648577059.4540195,2.197942075869015,0.002673625946044922
1648577059.4640284,2.1994421216467788,0.0026853084564208984
1648577059.4742815,2.1993171178319653,0.002826213836669922
1648577059.4841242,2.1991921140171513,0.002766132354736328
1648577059.4941223,2.1993171178319653,0.002759695053100586
1648577059.5041144,2.1996921292764062,0.0027582645416259766
1648577059.5141284,2.2010671712393566,0.002763986587524414
1648577059.5242777,2.20219220557268,0.0029211044311523438
1648577059.5346415,2.201317178868984,0.0032644271850585938
1648577059.5447223,2.2030672322763754,0.003301858901977539
1648577059.5546412,2.2034422437208163,0.0032625198364257812
1648577059.5646062,2.2041922666096987,0.0032346248626708984
1648577059.5747044,2.2043172704245126,0.0032167434692382812
1648577059.585137,2.2045672780541397,0.003784656524658203
1648577059.5951452,2.2043172704245126,0.0037927627563476562
1648577059.605122,2.2034422437208163,0.0037729740142822266
1648577059.6145203,2.204442274239326,0.003173828125
1648577059.6251183,2.2034422437208163,0.003763437271118164
1648577059.6351285,2.2039422589800712,0.003772258758544922
1648577059.645146,2.206192327646718,0.0037970542907714844
1648577059.6551468,2.2068173467207863,0.0037889480590820312
1648577059.6651216,2.211317484054079,0.0037696361541748047
1648577059.67568,2.2135675527207255,0.004292011260986328
1648577059.6851194,2.214942594683676,0.003766298294067383
1648577059.6951342,2.2170676595355086,0.0037806034088134766
1648577059.705137,2.21644264046144,0.0037899017333984375
1648577059.7151456,2.2176926786095765,0.0037887096405029297
1648577059.7251105,2.2179426862392044,0.0037598609924316406
1648577059.7351246,2.2175676747947635,0.003767728805541992
1648577059.7451344,2.2196927396465957,0.0037822723388671875
1648577059.7550375,2.218942716757714,0.0036792755126953125
1648577059.7643857,2.220442762535478,0.002907276153564453
1648577059.7741592,2.2194427320169683,0.0027284622192382812
1648577059.7843046,2.2200677510910367,0.002877473831176758
1648577059.7941432,2.2181926938688314,0.002754688262939453
1648577059.8041084,2.2175676747947635,0.0027391910552978516
1648577059.8141632,2.216067629016999,0.0027849674224853516
1648577059.8240497,2.217192663350322,0.0026509761810302734
1648577059.83437,2.2150675984984893,0.002974271774291992
1648577059.844179,2.21406756797998,0.002786874771118164
1648577059.854207,2.214692587054048,0.0028183460235595703
1648577059.8641748,2.2141925717947935,0.0028040409088134766
1648577059.873987,2.2138175603503525,0.002641439437866211
1648577059.8845608,2.2134425489059115,0.003225088119506836
1648577059.894568,2.213692556535539,0.00323486328125
1648577059.9045527,2.213692556535539,0.003224611282348633
1648577059.9145758,2.2135675527207255,0.003251314163208008
1648577059.9245014,2.2126925260170296,0.003180265426635742
1648577059.9345455,2.212817529831843,0.0032105445861816406
1648577059.9445074,2.211942503128147,0.0031778812408447266
1648577059.9545078,2.2121925107577747,0.0031778812408447266
1648577059.964499,2.212817529831843,0.0031692981719970703
1648577059.974647,2.210067445905942,0.003315448760986328
1648577059.9840682,2.211317484054079,0.002721071243286133
1648577059.9941044,2.210067445905942,0.0027549266815185547
1648577060.0040965,2.2098174382763145,0.0027437210083007812
1648577060.01416,2.210817468794824,0.0027723312377929688
1648577060.0241055,2.210067445905942,0.0027523040771484375
1648577060.034099,2.208442396313364,0.0027489662170410156
1648577060.0440962,2.210192449720756,0.0027441978454589844
1648577060.0541072,2.209692434461501,0.0027513504028320312
1648577060.0641923,2.2093174230170596,0.002785921096801758
1648577060.0741005,2.2098174382763145,0.002740621566772461
1648577060.084029,2.210817468794824,0.002687215805053711
1648577060.0940132,2.2085674001281776,0.002676248550415039
1648577060.1040196,2.2090674153874326,0.002678394317626953
1648577060.1140132,2.210192449720756,0.0026726722717285156
1648577060.1240225,2.2098174382763145,0.0026793479919433594
1648577060.1340444,2.210567461165197,0.0027077198028564453
1648577060.1440256,2.2093174230170596,0.0026831626892089844
1648577060.1540546,2.2095674306466875,0.0027129650115966797
1648577060.1640859,2.208442396313364,0.002696990966796875
1648577060.1740448,2.208817407757805,0.002707958221435547
1648577060.1840198,2.2089424115726186,0.002678394317626953
1648577060.1940446,2.208067384868923,0.0027065277099609375
1648577060.2040646,2.2066923429059724,0.0026934146881103516
1648577060.2140837,2.2078173772392957,0.0026967525482177734
1648577060.2240052,2.207692373424482,0.002665281295776367
1648577060.2339993,2.2068173467207863,0.002660036087036133
1648577060.243994,2.2071923581652273,0.002659320831298828
1648577060.2540026,2.2081923886837367,0.0026628971099853516
1648577060.2645583,2.2081923886837367,0.003223419189453125
1648577060.2740183,2.2078173772392957,0.0026679039001464844
1648577060.2843692,2.2071923581652273,0.0030317306518554688
1648577060.2940426,2.2093174230170596,0.0026934146881103516
1648577060.3039973,2.2074423657948543,0.0026619434356689453
1648577060.3140097,2.2086924039429916,0.0026702880859375
1648577060.3239913,2.2074423657948543,0.0026557445526123047
1648577060.3339972,2.2075673696096683,0.002659320831298828
1648577060.3440127,2.2079423810541092,0.002657175064086914
1648577060.354,2.2071923581652273,0.0026597976684570312
1648577060.3640044,2.206567339091159,0.002668619155883789
1648577060.3740728,2.206442335276345,0.0027327537536621094
1648577060.3840837,2.2079423810541092,0.002736330032348633
1648577060.3947282,2.2068173467207863,0.0028295516967773438
1648577060.4042077,2.205817316202277,0.0028219223022460938
1648577060.4141967,2.206317331461532,0.0028107166290283203
1648577060.4241862,2.206567339091159,0.002807140350341797
1648577060.434179,2.2066923429059724,0.0027942657470703125
1648577060.4441717,2.205317300943022,0.0028028488159179688
1648577060.4541678,2.2068173467207863,0.002798318862915039
1648577060.4642005,2.2071923581652273,0.0028076171875
1648577060.4741082,2.2059423200170905,0.0027387142181396484
1648577060.4846432,2.2069423505356,0.0033102035522460938
1648577060.4946628,2.206192327646718,0.003304719924926758
1648577060.5046353,2.206317331461532,0.003299713134765625
1648577060.514619,2.2051922971282085,0.0032889842987060547
1648577060.5247653,2.2055673085726495,0.0034291744232177734
1648577060.5346959,2.2041922666096987,0.0033631324768066406
1648577060.5446978,2.2049422894985806,0.0033626556396484375
1648577060.5547814,2.2054423047578355,0.0034494400024414062
1648577060.5649123,2.204067262794885,0.0035400390625
1648577060.5742807,2.2045672780541397,0.0029480457305908203
1648577060.5841477,2.2043172704245126,0.0028009414672851562
1648577060.594129,2.2048172856837676,0.002786397933959961
1648577060.604113,2.2039422589800712,0.0027658939361572266
1648577060.6141257,2.2050672933133946,0.00278472900390625
1648577060.6241221,2.2043172704245126,0.0027756690979003906
1648577060.6341088,2.205317300943022,0.0027675628662109375
1648577060.6440954,2.204067262794885,0.0027456283569335938
1648577060.6541164,2.2045672780541397,0.002776622772216797
1648577060.664108,2.2038172551652577,0.0027587413787841797
1648577060.6741257,2.2031922360911893,0.002776622772216797
1648577060.6841505,2.2045672780541397,0.002803325653076172
1648577060.694121,2.2059423200170905,0.0027778148651123047
1648577060.7040958,2.2033172399060033,0.0027484893798828125
1648577060.7140887,2.2034422437208163,0.0027468204498291016
1648577060.7241006,2.204442274239326,0.0027544498443603516
1648577060.7342026,2.206317331461532,0.0028200149536132812
1648577060.74411,2.2051922971282085,0.002722024917602539
1648577060.7540898,2.2041922666096987,0.0027475357055664062
1648577060.76408,2.203692251350444,0.0027360916137695312
1648577060.7740612,2.2046922818689536,0.0027234554290771484
1648577060.7840788,2.2038172551652577,0.0027379989624023438
1648577060.7940674,2.204067262794885,0.0027294158935546875
1648577060.8040686,2.2035672475356303,0.002724170684814453
1648577060.8140647,2.2034422437208163,0.002725362777709961
1648577060.824038,2.2039422589800712,0.002694845199584961
1648577060.8340306,2.2043172704245126,0.0026907920837402344
1648577060.8440473,2.2034422437208163,0.0026884078979492188
1648577060.8540657,2.2034422437208163,0.0027265548706054688
1648577060.864033,2.2039422589800712,0.002691507339477539
1648577060.8748858,2.2038172551652577,0.003487825393676758
1648577060.8843005,2.2026922208319344,0.002901315689086914
1648577060.8945675,2.2030672322763754,0.0031490325927734375
1648577060.9048448,2.2028172246467483,0.0034706592559814453
1648577060.9147644,2.204067262794885,0.0034046173095703125
1648577060.924787,2.205317300943022,0.0034465789794921875
1648577060.9347348,2.2046922818689536,0.003379344940185547
1648577060.9447284,2.204067262794885,0.003386259078979492
1648577060.9548244,2.2031922360911893,0.0034689903259277344
1648577060.964732,2.204442274239326,0.0033893585205078125
1648577060.9743893,2.2031922360911893,0.003050565719604492
1648577060.9840274,2.2034422437208163,0.002672433853149414
1648577060.9940562,2.2039422589800712,0.002692699432373047
1648577061.0046825,2.2035672475356303,0.003348827362060547
1648577061.014682,2.2043172704245126,0.003335237503051758
1648577061.0246441,2.2046922818689536,0.003313302993774414
1648577061.03465,2.2030672322763754,0.0033016204833984375
1648577061.0446756,2.2029422284615623,0.0033254623413085938
1648577061.05465,2.2051922971282085,0.003306150436401367
1648577061.0646553,2.202317209387494,0.0033082962036132812
1648577061.0746465,2.202067201757866,0.003313779830932617
1648577061.0841134,2.2031922360911893,0.002758026123046875
1648577061.0941153,2.2008171636097296,0.0027685165405273438
1648577061.1041114,2.2034422437208163,0.002754688262939453
1648577061.1141253,2.2024422132023074,0.0027785301208496094
1648577061.1241753,2.2031922360911893,0.0028226375579833984
1648577061.134111,2.2049422894985806,0.002759695053100586
1648577061.144341,2.201817194128239,0.0029866695404052734
1648577061.1543112,2.2033172399060033,0.002958536148071289
1648577061.1643136,2.2034422437208163,0.002959012985229492
1648577061.1742632,2.2031922360911893,0.0029153823852539062
1648577061.1843023,2.2033172399060033,0.002949953079223633
1648577061.194308,2.2034422437208163,0.0029594898223876953
1648577061.2043104,2.2026922208319344,0.002954244613647461
1648577061.2143393,2.2049422894985806,0.0029861927032470703
1648577061.2243328,2.2024422132023074,0.0029802322387695312
1648577061.2343113,2.2041922666096987,0.0029630661010742188
1648577061.2443306,2.2045672780541397,0.002978086471557617
1648577061.2543168,2.2033172399060033,0.002969503402709961
1648577061.2643337,2.2038172551652577,0.0029795169830322266
1648577061.274365,2.2043172704245126,0.002985715866088867
1648577061.2843208,2.203692251350444,0.0029654502868652344
1648577061.2943308,2.2035672475356303,0.002983570098876953
1648577061.3042784,2.204442274239326,0.0029227733612060547
1648577061.3143342,2.201942197943053,0.0029892921447753906
1648577061.324343,2.2033172399060033,0.0029866695404052734
1648577061.3343222,2.2028172246467483,0.002969026565551758
1648577061.3443348,2.2039422589800712,0.002978801727294922
1648577061.3543162,2.2051922971282085,0.0029642581939697266
1648577061.3643115,2.2029422284615623,0.0029494762420654297
1648577061.3742764,2.2031922360911893,0.002928495407104492
1648577061.3841753,2.2028172246467483,0.002833127975463867
1648577061.3942902,2.2026922208319344,0.0029299259185791016
1648577061.4040847,2.2041922666096987,0.0027358531951904297
1648577061.4141417,2.2029422284615623,0.002789020538330078
1648577061.4241374,2.2029422284615623,0.002781391143798828
1648577061.4341211,2.2035672475356303,0.0027692317962646484
1648577061.4441028,2.202317209387494,0.00274658203125
1648577061.4540894,2.2028172246467483,0.002710103988647461
1648577061.464096,2.2039422589800712,0.0027256011962890625
1648577061.474045,2.2028172246467483,0.002694845199584961
1648577061.4840376,2.2045672780541397,0.0026903152465820312
1648577061.4946043,2.2041922666096987,0.0032634735107421875
1648577061.5041862,2.2035672475356303,0.0028400421142578125
1648577061.5140216,2.2034422437208163,0.0026814937591552734
1648577061.5240471,2.2038172551652577,0.002701997756958008
1648577061.5340595,2.2039422589800712,0.0027015209197998047
1648577061.5440357,2.2026922208319344,0.0026924610137939453
1648577061.5540178,2.204067262794885,0.0026798248291015625
1648577061.5640337,2.2028172246467483,0.0026865005493164062
1648577061.5741065,2.2034422437208163,0.002725839614868164
1648577061.584086,2.202067201757866,0.002716064453125
1648577061.5940232,2.2034422437208163,0.002682209014892578
1648577061.6040325,2.2028172246467483,0.0026862621307373047
1648577061.6140215,2.20219220557268,0.002681255340576172
1648577061.624149,2.2029422284615623,0.0028073787689208984
1648577061.6341808,2.2034422437208163,0.002840757369995117
1648577061.644196,2.2024422132023074,0.0028493404388427734
1648577061.6540167,2.202567217017121,0.002676725387573242
1648577061.6640325,2.2028172246467483,0.002690553665161133
1648577061.6740286,2.2031922360911893,0.0026831626892089844
1648577061.684033,2.204067262794885,0.002691507339477539
1648577061.6940215,2.205317300943022,0.002680540084838867
1648577061.7041507,2.202317209387494,0.0028066635131835938
1648577061.714351,2.202067201757866,0.003010988235473633
1648577061.7240548,2.20219220557268,0.0027081966400146484
1648577061.7340248,2.2043172704245126,0.002685546875
1648577061.7440264,2.2024422132023074,0.0026814937591552734
1648577061.754014,2.2011921750541705,0.002673625946044922
1648577061.7640173,2.201942197943053,0.0026776790618896484
1648577061.7740176,2.2030672322763754,0.002676725387573242
1648577061.7840285,2.2031922360911893,0.0026884078979492188
1648577061.7941582,2.2028172246467483,0.002821207046508789
1648577061.804036,2.2026922208319344,0.0026941299438476562
1648577061.8140147,2.2034422437208163,0.0026781558990478516
1648577061.824027,2.2038172551652577,0.0026836395263671875
1648577061.8344724,2.2028172246467483,0.0030519962310791016
1648577061.8442035,2.2034422437208163,0.0028257369995117188
1648577061.8541927,2.2041922666096987,0.0028138160705566406
1648577061.8641994,2.2046922818689536,0.0028197765350341797
1648577061.874187,2.203692251350444,0.0028083324432373047
1648577061.8842914,2.2029422284615623,0.002728700637817383
1648577061.8943565,2.2041922666096987,0.0030159950256347656
1648577061.904319,2.2035672475356303,0.002999544143676758
1648577061.9143193,2.2030672322763754,0.0029973983764648438
1648577061.924164,2.2031922360911893,0.002843618392944336
1648577061.934451,2.2039422589800712,0.003125429153442383
1648577061.9443555,2.201692190313425,0.0030488967895507812
1648577061.9543595,2.2039422589800712,0.0030527114868164062
1648577061.9644742,2.2046922818689536,0.0031392574310302734
1648577061.9743543,2.204067262794885,0.003045320510864258
1648577061.9843535,2.2043172704245126,0.003047466278076172
1648577061.9943368,2.204442274239326,0.0030319690704345703
1648577062.0046382,2.204442274239326,0.0033342838287353516
1648577062.0143728,2.2030672322763754,0.0030679702758789062
1648577062.0243604,2.2039422589800712,0.0030541419982910156
1648577062.0344558,2.2034422437208163,0.003148794174194336
1648577062.044363,2.2043172704245126,0.0030333995819091797
1648577062.0547988,2.2035672475356303,0.003186464309692383
1648577062.0646772,2.2030672322763754,0.003111600875854492
1648577062.0749533,2.2046922818689536,0.0033745765686035156
1648577062.0846686,2.2026922208319344,0.0030951499938964844
1648577062.0946639,2.2035672475356303,0.0030908584594726562
1648577062.1046724,2.20219220557268,0.0031011104583740234
1648577062.1146593,2.202567217017121,0.003083467483520508
1648577062.1246777,2.2031922360911893,0.0031075477600097656
1648577062.1346545,2.2029422284615623,0.0030782222747802734
1648577062.14482,2.204442274239326,0.0032548904418945312
1648577062.1547637,2.2039422589800712,0.0030832290649414062
1648577062.1646714,2.2029422284615623,0.003089427947998047
1648577062.1746957,2.2038172551652577,0.003088235855102539
1648577062.1845944,2.2034422437208163,0.0031387805938720703
1648577062.1943462,2.2048172856837676,0.0030243396759033203
1648577062.2043447,2.2038172551652577,0.003025531768798828
1648577062.2143388,2.2031922360911893,0.003017425537109375
1648577062.2243412,2.204067262794885,0.0030181407928466797
1648577062.234443,2.2035672475356303,0.003122568130493164
1648577062.2443478,2.2035672475356303,0.0030248165130615234
1648577062.2543392,2.2033172399060033,0.0030159950256347656
1648577062.264351,2.2030672322763754,0.0030274391174316406
1648577062.2743347,2.202067201757866,0.0030138492584228516
1648577062.2843323,2.2051922971282085,0.003015279769897461
1648577062.2943351,2.2028172246467483,0.003012418746948242
1648577062.304336,2.2046922818689536,0.0030188560485839844
1648577062.3143322,2.2029422284615623,0.0030112266540527344
1648577062.324337,2.2029422284615623,0.0030193328857421875
1648577062.3343413,2.2034422437208163,0.0030236244201660156
1648577062.3443408,2.2035672475356303,0.0030176639556884766
1648577062.3543384,2.2043172704245126,0.0030181407928466797
1648577062.3643384,2.2041922666096987,0.003017425537109375
1648577062.3743372,2.204067262794885,0.0030150413513183594
1648577062.3843453,2.2035672475356303,0.003021717071533203
1648577062.3944378,2.2033172399060033,0.0031163692474365234
1648577062.4046588,2.2029422284615623,0.003078937530517578
1648577062.4146543,2.2028172246467483,0.0030875205993652344
1648577062.4246817,2.2041922666096987,0.0030913352966308594
1648577062.4346998,2.2035672475356303,0.003087759017944336
1648577062.4446466,2.204067262794885,0.0030601024627685547
1648577062.4546533,2.2038172551652577,0.0030698776245117188
1648577062.4643545,2.2051922971282085,0.003048419952392578
1648577062.4743173,2.2048172856837676,0.003014087677001953
1648577062.484335,2.2050672933133946,0.0030312538146972656
1648577062.4943378,2.2034422437208163,0.0030329227447509766
1648577062.5043283,2.2049422894985806,0.003023862838745117
1648577062.5143852,2.204067262794885,0.003082275390625
1648577062.5243516,2.2050672933133946,0.00304412841796875
1648577062.5343332,2.2043172704245126,0.0030171871185302734
1648577062.5443568,2.2048172856837676,0.003050088882446289
1648577062.5546255,2.203692251350444,0.0033195018768310547
1648577062.5643327,2.2041922666096987,0.0030248165130615234
1648577062.5743618,2.2026922208319344,0.0030579566955566406
1648577062.5846848,2.204442274239326,0.003353118896484375
1648577062.5943177,2.204442274239326,0.0029151439666748047
1648577062.6042333,2.2055673085726495,0.0028791427612304688
1648577062.6142807,2.2033172399060033,0.0029354095458984375
1648577062.6242073,2.204067262794885,0.0028526782989501953
1648577062.6342487,2.2034422437208163,0.0028998851776123047
1648577062.6441915,2.203692251350444,0.0028374195098876953
1648577062.6542327,2.2035672475356303,0.0028853416442871094
1648577062.6641943,2.2039422589800712,0.002839326858520508
1648577062.6742368,2.204442274239326,0.0028808116912841797
1648577062.6843398,2.204067262794885,0.0028781890869140625
1648577062.6940968,2.2059423200170905,0.0027625560760498047
1648577062.704056,2.2046922818689536,0.002714872360229492
1648577062.714145,2.2043172704245126,0.0028090476989746094
1648577062.7240486,2.205317300943022,0.002705812454223633
1648577062.734094,2.205317300943022,0.002755880355834961
1648577062.744056,2.2066923429059724,0.0027153491973876953
1648577062.7540727,2.2051922971282085,0.002738475799560547
1648577062.7640936,2.2039422589800712,0.0027532577514648438
1648577062.7740774,2.2050672933133946,0.002740144729614258
1648577062.784206,2.2046922818689536,0.0028257369995117188
1648577062.7941601,2.2041922666096987,0.0028045177459716797
1648577062.8042293,2.2054423047578355,0.002863645553588867
1648577062.8141196,2.2043172704245126,0.002767801284790039
1648577062.8241317,2.2046922818689536,0.0027773380279541016
1648577062.8341238,2.204067262794885,0.002773761749267578
1648577062.8441913,2.2059423200170905,0.0028388500213623047
1648577062.8541255,2.2046922818689536,0.0027773380279541016
1648577062.864171,2.2043172704245126,0.0028162002563476562
1648577062.8741133,2.2051922971282085,0.0027565956115722656
1648577062.8841002,2.204442274239326,0.0027458667755126953
1648577062.8940198,2.2035672475356303,0.0026836395263671875
1648577062.9040244,2.2054423047578355,0.002683877944946289
1648577062.9140217,2.2055673085726495,0.0026853084564208984
1648577062.9240608,2.2038172551652577,0.0027213096618652344
1648577062.9340434,2.205817316202277,0.0027074813842773438
1648577062.9441144,2.2055673085726495,0.002749204635620117
1648577062.9540882,2.2039422589800712,0.002712249755859375
1648577062.9640028,2.2059423200170905,0.0026667118072509766
1648577062.9740145,2.2049422894985806,0.002679109573364258
1648577062.984026,2.2054423047578355,0.002684354782104492
1648577062.9940171,2.2055673085726495,0.002677440643310547
1648577063.0040007,2.205817316202277,0.0026671886444091797
1648577063.0140185,2.2046922818689536,0.002680540084838867
1648577063.023998,2.205317300943022,0.002665996551513672
1648577063.0340202,2.204442274239326,0.0026814937591552734
1648577063.0440016,2.2048172856837676,0.0026693344116210938
1648577063.054017,2.2050672933133946,0.002678394317626953
1648577063.0640016,2.2043172704245126,0.0026667118072509766
1648577063.0740209,2.2046922818689536,0.002674102783203125
1648577063.0840576,2.2059423200170905,0.002724170684814453
1648577063.0941384,2.2045672780541397,0.002785205841064453
1648577063.1041095,2.206192327646718,0.002747058868408203
1648577063.1141303,2.2048172856837676,0.0027790069580078125
1648577063.1241007,2.206442335276345,0.00275421142578125
1648577063.1341455,2.2051922971282085,0.0027947425842285156
1648577063.1440945,2.2059423200170905,0.002748727798461914
1648577063.1541386,2.2050672933133946,0.002786874771118164
1648577063.1641414,2.2049422894985806,0.002779722213745117
1648577063.174146,2.2048172856837676,0.0027937889099121094
1648577063.2113304,2.2045672780541397,0.029979705810546875
1648577063.2148888,2.2059423200170905,0.0026907920837402344
1648577063.2184682,2.206442335276345,0.0026853084564208984
1648577063.2220702,2.2046922818689536,0.0026962757110595703
1648577063.2257118,2.205317300943022,0.0027556419372558594
1648577063.2342083,2.204442274239326,0.002790212631225586
1648577063.244058,2.206192327646718,0.002718210220336914
1648577063.254014,2.206192327646718,0.0026772022247314453
1648577063.264047,2.2048172856837676,0.00270843505859375
1648577063.274026,2.206442335276345,0.0026819705963134766
1648577063.284009,2.2043172704245126,0.0026671886444091797
1648577063.2944996,2.205317300943022,0.0031709671020507812
1648577063.3044934,2.2051922971282085,0.0031659603118896484
1648577063.3144903,2.205317300943022,0.0031685829162597656
1648577063.3245072,2.2049422894985806,0.003175020217895508
1648577063.3345006,2.2055673085726495,0.003173351287841797
1648577063.344504,2.2048172856837676,0.003175973892211914
1648577063.3545008,2.2046922818689536,0.003177165985107422
1648577063.3644953,2.206067323831904,0.003169536590576172
1648577063.3744912,2.206442335276345,0.0031692981719970703
1648577063.3846672,2.206317331461532,0.0033385753631591797
1648577063.3944943,2.205317300943022,0.003143787384033203
1648577063.4041104,2.2051922971282085,0.002755880355834961
1648577063.4140856,2.2068173467207863,0.0027375221252441406
1648577063.424142,2.2059423200170905,0.0027914047241210938
1648577063.4340973,2.2050672933133946,0.002749919891357422
1648577063.4441395,2.205317300943022,0.0027856826782226562
1648577063.4540863,2.2048172856837676,0.002740144729614258
1648577063.464136,2.2045672780541397,0.002785921096801758
1648577063.474092,2.206317331461532,0.002737760543823242
1648577063.4841404,2.205317300943022,0.0027856826782226562
1648577063.4940407,2.2049422894985806,0.0027081966400146484
1648577063.5040405,2.2046922818689536,0.0027008056640625
1648577063.5140152,2.206567339091159,0.002665996551513672
1648577063.524049,2.2078173772392957,0.002710580825805664
1648577063.53408,2.2055673085726495,0.0027246475219726562
1648577063.5440464,2.206192327646718,0.002704143524169922
1648577063.5540085,2.204442274239326,0.0026738643646240234
1648577063.5640917,2.2034422437208163,0.0027518272399902344
1648577063.5740411,2.2045672780541397,0.0027074813842773438
1648577063.584174,2.2059423200170905,0.0028269290924072266
1648577063.5941155,2.2045672780541397,0.0027654170989990234
1648577063.604905,2.206442335276345,0.003509521484375
1648577063.6145916,2.2068173467207863,0.0032320022583007812
1648577063.6246064,2.2059423200170905,0.0032384395599365234
1648577063.634676,2.205692312387463,0.0032494068145751953
1648577063.6450338,2.205692312387463,0.003094911575317383
1648577063.654144,2.2046922818689536,0.002788543701171875
1648577063.6641884,2.2055673085726495,0.0028104782104492188
1648577063.6741476,2.2041922666096987,0.0027904510498046875
1648577063.6841211,2.2051922971282085,0.002768993377685547
1648577063.6940331,2.2066923429059724,0.002699136734008789
1648577063.7040362,2.2049422894985806,0.0026941299438476562
1648577063.7145176,2.2050672933133946,0.003185272216796875
1648577063.7240348,2.205817316202277,0.0026972293853759766
1648577063.734027,2.2068173467207863,0.002694368362426758
1648577063.7440283,2.2046922818689536,0.0026895999908447266
1648577063.7540307,2.2051922971282085,0.002696514129638672
1648577063.7640338,2.2049422894985806,0.002695322036743164
1648577063.7740285,2.206192327646718,0.002692699432373047
1648577063.7840335,2.204067262794885,0.002696990966796875
1648577063.794169,2.2055673085726495,0.0028219223022460938
1648577063.8041735,2.2051922971282085,0.002824068069458008
1648577063.8141515,2.206317331461532,0.002806425094604492
1648577063.8245013,2.205692312387463,0.003149271011352539
1648577063.834165,2.2055673085726495,0.002803325653076172
1648577063.8441818,2.205317300943022,0.0028100013732910156
1648577063.854239,2.2046922818689536,0.0028734207153320312
1648577063.864221,2.2059423200170905,0.002856731414794922
1648577063.8742154,2.205692312387463,0.002850055694580078
1648577063.88429,2.206442335276345,0.002923727035522461
1648577063.894134,2.2045672780541397,0.002750396728515625
1648577063.9040666,2.2046922818689536,0.0027191638946533203
1648577063.9150996,2.2054423047578355,0.003760099411010742
1648577063.9251184,2.206442335276345,0.0037631988525390625
1648577063.9351132,2.2051922971282085,0.003764629364013672
1648577063.9451292,2.2041922666096987,0.0037758350372314453
1648577063.9550986,2.206317331461532,0.0037505626678466797
1648577063.9651346,2.206442335276345,0.0037806034088134766
1648577063.975113,2.205317300943022,0.003763437271118164
1648577063.9851305,2.2051922971282085,0.0037789344787597656
1648577063.9951196,2.2051922971282085,0.0037751197814941406
1648577064.0051286,2.2069423505356,0.003777742385864258
1648577064.0151145,2.2071923581652273,0.003766775131225586
1648577064.0251348,2.2055673085726495,0.0037834644317626953
1648577064.035112,2.2049422894985806,0.003764629364013672
1648577064.0451279,2.2049422894985806,0.003776073455810547
1648577064.0551045,2.2054423047578355,0.0037581920623779297
1648577064.0651333,2.205692312387463,0.0037817955017089844
1648577064.0751095,2.205817316202277,0.0037577152252197266
1648577064.0851173,2.2033172399060033,0.0037674903869628906
1648577064.0951548,2.2059423200170905,0.003808259963989258
1648577064.1051059,2.2045672780541397,0.003760099411010742
1648577064.1151178,2.2055673085726495,0.003774881362915039
1648577064.1240206,2.2043172704245126,0.0026819705963134766
1648577064.1340232,2.2050672933133946,0.002691030502319336
1648577064.1440597,2.2059423200170905,0.0027222633361816406
1648577064.1540513,2.2050672933133946,0.0027174949645996094
1648577064.1640658,2.205817316202277,0.00272369384765625
1648577064.174058,2.206067323831904,0.00272369384765625
1648577064.1840637,2.206067323831904,0.002721548080444336
1648577064.1940494,2.2068173467207863,0.0027151107788085938
1648577064.20406,2.206192327646718,0.002723217010498047
1648577064.214048,2.206067323831904,0.002713918685913086
1648577064.224066,2.204067262794885,0.002725362777709961
1648577064.2340555,2.2075673696096683,0.002722024917602539
1648577064.2445655,2.2068173467207863,0.0032236576080322266
1648577064.254032,2.206442335276345,0.0026962757110595703
1648577064.2640576,2.206317331461532,0.0027208328247070312
1648577064.2740612,2.205692312387463,0.0027201175689697266
1648577064.2846656,2.2035672475356303,0.0033257007598876953
1648577064.2940528,2.2048172856837676,0.002717733383178711
1648577064.3040617,2.206067323831904,0.0027222633361816406
1648577064.314045,2.205317300943022,0.0027103424072265625
1648577064.324126,2.206192327646718,0.0027556419372558594
1648577064.3341618,2.2055673085726495,0.0027747154235839844
1648577064.3440585,2.2049422894985806,0.002717733383178711
1648577064.354067,2.206442335276345,0.002690553665161133
1648577064.3640566,2.2048172856837676,0.002704143524169922
1648577064.3741527,2.206442335276345,0.0027675628662109375
1648577064.3842633,2.2050672933133946,0.0028929710388183594
1648577064.3943782,2.2059423200170905,0.0030431747436523438
1648577064.4040103,2.205817316202277,0.002669811248779297
1648577064.4140522,2.2059423200170905,0.0027008056640625
1648577064.424001,2.2054423047578355,0.0026688575744628906
1648577064.4340658,2.2054423047578355,0.0027146339416503906
1648577064.4440582,2.2074423657948543,0.0027213096618652344
1648577064.4540513,2.206067323831904,0.002717256546020508
