pi_time,voltage,test_duration
1649437493.7441912,2.5074515213476976,0.0026738643646240234
1649437493.754589,2.506451490829188,0.003075122833251953
1649437493.76454,2.509326578569903,0.0030565261840820312
1649437493.7745385,2.5074515213476976,0.003052949905395508
1649437493.7841358,2.506326487014374,0.0026383399963378906
1649437493.795236,2.5059514755699333,0.0032722949981689453
1649437493.8050117,2.5073265175328836,0.003080129623413086
1649437493.8153143,2.5065764946440017,0.0031952857971191406
1649437493.825483,2.506326487014374,0.003824472427368164
1649437493.834667,2.5070765099032566,0.003142833709716797
1649437493.8445504,2.5073265175328836,0.0030639171600341797
1649437493.854577,2.5073265175328836,0.003091096878051758
1649437493.8641582,2.506076479384747,0.0026750564575195312
1649437493.8746886,2.5058264717551193,0.003195524215698242
1649437493.884544,2.505326456495865,0.003058195114135742
1649437493.8945594,2.5058264717551193,0.003075122833251953
1649437493.905364,2.506451490829188,0.003881692886352539
1649437493.9147446,2.5054514603106783,0.003251791000366211
1649437493.9245548,2.506451490829188,0.0030732154846191406
1649437493.9340098,2.5069515060884426,0.0025260448455810547
1649437493.944537,2.506451490829188,0.0030519962310791016
1649437493.9545445,2.5065764946440017,0.0030498504638671875
1649437493.964582,2.5062014831995603,0.003095865249633789
1649437493.9739943,2.5059514755699333,0.0025119781494140625
1649437493.9840164,2.506076479384747,0.002529144287109375
1649437493.993987,2.5078265327921385,0.002506732940673828
1649437494.0040035,2.5078265327921385,0.002515554428100586
1649437494.0146568,2.5070765099032566,0.0031380653381347656
1649437494.0245345,2.5069515060884426,0.0030486583709716797
1649437494.0345602,2.50482644123661,0.0030786991119384766
1649437494.0445476,2.5050764488662374,0.0030601024627685547
1649437494.0540035,2.5062014831995603,0.0025146007537841797
1649437494.063997,2.5055764641254923,0.002513885498046875
1649437494.074827,2.505701467940306,0.002921581268310547
1649437494.084555,2.504951445051424,0.0030694007873535156
1649437494.0945463,2.503951414532914,0.003059864044189453
1649437494.1048315,2.503701406903287,0.0033416748046875
1649437494.1147704,2.503576403088473,0.0032715797424316406
1649437494.1247864,2.5032013916440325,0.003282785415649414
1649437494.1347888,2.504451429792169,0.0032906532287597656
1649437494.1447735,2.504451429792169,0.0032694339752197266
1649437494.154809,2.504576433606983,0.003306150436401367
1649437494.1647122,2.506076479384747,0.003211498260498047
1649437494.1745963,2.5062014831995603,0.0031037330627441406
1649437494.184594,2.506701498458815,0.0031042098999023438
1649437494.194614,2.5074515213476976,0.003106355667114258
1649437494.2046273,2.5073265175328836,0.0031282901763916016
1649437494.2145827,2.5069515060884426,0.0030961036682128906
1649437494.2245774,2.506076479384747,0.003095388412475586
1649437494.2346044,2.508326548051393,0.003117084503173828
1649437494.2446349,2.50720151371807,0.0031502246856689453
1649437494.2545872,2.506326487014374,0.003102540969848633
1649437494.264686,2.5062014831995603,0.003200531005859375
1649437494.2745826,2.5062014831995603,0.0030965805053710938
1649437494.2845776,2.5052014526810513,0.0030944347381591797
1649437494.2945693,2.504951445051424,0.0030868053436279297
1649437494.304575,2.5058264717551193,0.0030901432037353516
1649437494.3146713,2.504201422162542,0.0031876564025878906
1649437494.3245862,2.5052014526810513,0.0030972957611083984
1649437494.3362243,2.504076418347728,0.004741191864013672
1649437494.3445878,2.5038264107181005,0.0031037330627441406
1649437494.3546553,2.503951414532914,0.0031747817993164062
1649437494.36458,2.503951414532914,0.003094196319580078
1649437494.3745716,2.504576433606983,0.00308990478515625
1649437494.3845737,2.5027013763847776,0.0030884742736816406
1649437494.3945677,2.5038264107181005,0.0030879974365234375
1649437494.404581,2.5034513992736596,0.0030951499938964844
1649437494.4145787,2.504576433606983,0.0030934810638427734
1649437494.4246945,2.504451429792169,0.003172159194946289
1649437494.434371,2.5033263954588456,0.002834320068359375
1649437494.4443076,2.503576403088473,0.0027709007263183594
1649437494.454235,2.5038264107181005,0.00267791748046875
1649437494.46452,2.504326425977355,0.002943754196166992
1649437494.4744616,2.504076418347728,0.002852201461791992
1649437494.484465,2.504951445051424,0.0028967857360839844
1649437494.4944704,2.50482644123661,0.002900838851928711
1649437494.5044587,2.5030763878292186,0.0028824806213378906
1649437494.5144472,2.503701406903287,0.002862215042114258
1649437494.5245168,2.500826319162572,0.0029129981994628906
1649437494.5346081,2.504326425977355,0.0030951499938964844
1649437494.5445552,2.5030763878292186,0.0030689239501953125
1649437494.5545523,2.503951414532914,0.0030689239501953125
1649437494.564542,2.504201422162542,0.0030603408813476562
1649437494.574551,2.5030763878292186,0.0030677318572998047
1649437494.5845459,2.5014513382366403,0.0030663013458251953
1649437494.5945423,2.5023263649403362,0.0030596256256103516
1649437494.6045415,2.5012013306070133,0.0030586719512939453
1649437494.6145375,2.5014513382366403,0.0030584335327148438
1649437494.6245384,2.5019513534958953,0.0030570030212402344
1649437494.6345315,2.499826288644063,0.0030493736267089844
1649437494.6445525,2.5010763267921994,0.0030715465545654297
1649437494.6545334,2.5023263649403362,0.0030548572540283203
1649437494.6645446,2.5015763420514543,0.0030622482299804688
1649437494.6745343,2.5014513382366403,0.003056764602661133
1649437494.6845548,2.5007013153477584,0.003069639205932617
1649437494.694526,2.5018263496810813,0.0030460357666015625
1649437494.7045426,2.502076357310709,0.003059864044189453
1649437494.7145286,2.501326334421827,0.0030460357666015625
1649437494.7246094,2.5022013611255227,0.0031006336212158203
1649437494.734675,2.5022013611255227,0.0031948089599609375
1649437494.7446194,2.5019513534958953,0.0031173229217529297
1649437494.754595,2.502076357310709,0.0031065940856933594
1649437494.764668,2.500951322977386,0.0031824111938476562
1649437494.7746024,2.501326334421827,0.0031218528747558594
1649437494.784633,2.5033263954588456,0.003126382827758789
1649437494.7946484,2.5025763725699637,0.0031664371490478516
1649437494.8046486,2.502076357310709,0.003162860870361328
1649437494.8146574,2.500201300088504,0.0031752586364746094
1649437494.8246431,2.5014513382366403,0.0031604766845703125
1649437494.8345735,2.50007629627369,0.003093242645263672
1649437494.844241,2.5017013458662682,0.0027589797973632812
1649437494.8545728,2.5015763420514543,0.0030918121337890625
1649437494.8645935,2.5018263496810813,0.003106832504272461
1649437494.8746512,2.5025763725699637,0.003162384033203125
1649437494.8845916,2.5010763267921994,0.003107786178588867
1649437494.8946342,2.5015763420514543,0.0031518936157226562
1649437494.90458,2.500326303903317,0.0030939579010009766
1649437494.9146526,2.50007629627369,0.0031669139862060547
1649437494.924651,2.4979512314218573,0.003167390823364258
1649437494.934644,2.4979512314218573,0.003164529800415039
1649437494.9446914,2.4978262276070438,0.003190755844116211
1649437494.954648,2.4977012237922303,0.003164529800415039
1649437494.9646442,2.4972012085329753,0.0031592845916748047
1649437494.9746594,2.4955761589403975,0.0031785964965820312
1649437494.9846618,2.495701162755211,0.0031747817993164062
1649437494.99464,2.4955761589403975,0.003159046173095703
1649437495.004647,2.4950761436811426,0.0031626224517822266
1649437495.014642,2.4947011322367016,0.003160715103149414
1649437495.0246463,2.4939511093478197,0.0031592845916748047
1649437495.0345805,2.4923260597552415,0.003096342086791992
1649437495.044589,2.4912010254219186,0.0031058788299560547
1649437495.0546525,2.4904510025330366,0.003170013427734375
1649437495.0646536,2.4903259987182227,0.003168344497680664
1649437495.0746515,2.490951017792291,0.0031692981719970703
1649437495.0845845,2.4907010101626637,0.0030977725982666016
1649437495.0946379,2.4887009491256444,0.0031557083129882812
1649437495.1046405,2.491326029236732,0.003157377243041992
1649437495.1146772,2.4910760216071046,0.0031774044036865234
1649437495.124642,2.4893259681997133,0.003153562545776367
1649437495.1345778,2.4889509567552723,0.0030944347381591797
1649437495.1446416,2.4872009033478806,0.0031588077545166016
1649437495.1545706,2.4863258766441847,0.0030918121337890625
1649437495.1646407,2.4843258156071655,0.0031561851501464844
1649437495.1742995,2.4845758232367934,0.002750396728515625
1649437495.1844127,2.4852008423108614,0.002892017364501953
1649437495.194642,2.4857008575701163,0.0031363964080810547
1649437495.20459,2.4862008728293707,0.0030946731567382812
1649437495.214552,2.487075899533067,0.0030722618103027344
1649437495.2245498,2.4853258461256753,0.0030694007873535156
1649437495.234179,2.4852008423108614,0.0026967525482177734
1649437495.2442396,2.4845758232367934,0.0027070045471191406
1649437495.2542808,2.4820757469405197,0.0027227401733398438
1649437495.2642329,2.482575762199774,0.002698659896850586
1649437495.2742724,2.4820757469405197,0.002747058868408203
1649437495.2842584,2.4820757469405197,0.0027344226837158203
1649437495.2942677,2.483075777459029,0.002743244171142578
1649437495.304251,2.483200781273843,0.002730846405029297
1649437495.3142576,2.4853258461256753,0.002730131149291992
1649437495.3242586,2.4837007965330975,0.0027332305908203125
1649437495.3342965,2.483075777459029,0.0027494430541992188
1649437495.3442492,2.483325785088656,0.0027244091033935547
1649437495.354248,2.4824507583849607,0.0027174949645996094
1649437495.3648074,2.4820757469405197,0.003286600112915039
1649437495.37426,2.481200720236824,0.0027341842651367188
1649437495.3842611,2.4803256935331275,0.0027353763580322266
1649437495.394249,2.4800756859035005,0.002725362777709961
1649437495.404247,2.48107571642201,0.002724170684814453
1649437495.4142616,2.4828257698294016,0.0027387142181396484
1649437495.425785,2.481450727866451,0.004263162612915039
1649437495.4343834,2.4819507431257057,0.0028014183044433594
1649437495.444334,2.482950773644215,0.002764463424682617
1649437495.4542885,2.482950773644215,0.0027480125427246094
1649437495.4646258,2.482950773644215,0.002748250961303711
1649437495.4746757,2.483575792718284,0.002789735794067383
1649437495.4847417,2.482575762199774,0.0028493404388427734
1649437495.494644,2.483075777459029,0.0027871131896972656
1649437495.5043368,2.482575762199774,0.002790689468383789
1649437495.5143833,2.481825739310892,0.002808809280395508
1649437495.5243585,2.4820757469405197,0.0027952194213867188
1649437495.5344265,2.4823257545701467,0.002864360809326172
1649437495.544182,2.4823257545701467,0.0026459693908691406
1649437495.5541778,2.482950773644215,0.00262451171875
1649437495.5643315,2.4828257698294016,0.002771615982055664
1649437495.574247,2.4823257545701467,0.0026895999908447266
1649437495.5842404,2.481825739310892,0.002727031707763672
1649437495.5941286,2.483075777459029,0.002611398696899414
1649437495.604112,2.4823257545701467,0.002603292465209961
1649437495.6141102,2.482575762199774,0.0026044845581054688
1649437495.6241145,2.4824507583849607,0.002606630325317383
1649437495.6341267,2.4843258156071655,0.0026214122772216797
1649437495.6441157,2.483325785088656,0.002605915069580078
1649437495.6540947,2.4815757316812648,0.0025908946990966797
1649437495.6642737,2.4823257545701467,0.0026056766510009766
1649437495.6741185,2.4820757469405197,0.002595663070678711
1649437495.684095,2.4817007354960787,0.002586841583251953
1649437495.69411,2.4815757316812648,0.0025908946990966797
1649437495.7041032,2.48107571642201,0.002595186233520508
1649437495.7140946,2.4828257698294016,0.0025887489318847656
1649437495.7263389,2.4809507126071964,0.0048143863677978516
1649437495.7350628,2.481825739310892,0.0034902095794677734
1649437495.7442012,2.482575762199774,0.0026247501373291016
1649437495.7545087,2.4823257545701467,0.002936124801635742
1649437495.7642875,2.4815757316812648,0.002763509750366211
1649437495.7742693,2.4813257240516373,0.0027391910552978516
1649437495.7848377,2.4813257240516373,0.003293752670288086
1649437495.7942095,2.4815757316812648,0.0026426315307617188
1649437495.8043678,2.479825678273873,0.002807140350341797
1649437495.8145263,2.4823257545701467,0.002954244613647461
1649437495.8243754,2.48107571642201,0.0028116703033447266
1649437495.8343742,2.482700766014588,0.0028138160705566406
1649437495.8445535,2.479450666829432,0.0030646324157714844
1649437495.8545535,2.479825678273873,0.003067493438720703
1649437495.864535,2.4793256630146185,0.0030548572540283203
1649437495.8745503,2.4820757469405197,0.003050088882446289
1649437495.8845737,2.480700704977569,0.0030777454376220703
1649437495.8945239,2.4793256630146185,0.0030448436737060547
1649437495.904535,2.4802006897183144,0.0030517578125
1649437495.9145133,2.479950682088687,0.0030350685119628906
1649437495.9245415,2.481450727866451,0.0030622482299804688
1649437495.9345257,2.4793256630146185,0.0030455589294433594
1649437495.9445472,2.4803256935331275,0.0030641555786132812
1649437495.954517,2.4800756859035005,0.003039121627807617
1649437495.9643095,2.4808257087923824,0.002826690673828125
1649437495.974625,2.481450727866451,0.0031366348266601562
1649437495.9846003,2.4819507431257057,0.0031194686889648438
1649437495.9945912,2.4797006744590595,0.0031113624572753906
1649437496.0046005,2.4780756248664817,0.003116607666015625
1649437496.0145922,2.481200720236824,0.0031096935272216797
1649437496.0245993,2.482200750755333,0.0031130313873291016
1649437496.0345929,2.4815757316812648,0.003108978271484375
1649437496.0445874,2.4828257698294016,0.003103494644165039
1649437496.0545862,2.4817007354960787,0.0031044483184814453
1649437496.0646036,2.482200750755333,0.0031189918518066406
1649437496.074598,2.4828257698294016,0.003115415573120117
1649437496.0845938,2.4808257087923824,0.0031104087829589844
1649437496.0945864,2.479950682088687,0.003106832504272461
1649437496.1045945,2.4803256935331275,0.0031125545501708984
1649437496.1146026,2.4797006744590595,0.0031213760375976562
1649437496.1246045,2.4805757011627554,0.0031197071075439453
1649437496.1346235,2.4808257087923824,0.003129720687866211
1649437496.1445887,2.4803256935331275,0.003106832504272461
1649437496.154575,2.4815757316812648,0.0030975341796875
1649437496.1646452,2.4803256935331275,0.0031502246856689453
1649437496.174624,2.4808257087923824,0.0031402111053466797
1649437496.1846318,2.480700704977569,0.0031452178955078125
1649437496.1945949,2.4819507431257057,0.0031130313873291016
1649437496.2046187,2.4819507431257057,0.0031244754791259766
1649437496.2145827,2.481200720236824,0.0031042098999023438
1649437496.2245934,2.4813257240516373,0.003109455108642578
1649437496.2345803,2.4809507126071964,0.003099203109741211
1649437496.2446003,2.48107571642201,0.003118753433227539
1649437496.2545402,2.4815757316812648,0.0030431747436523438
1649437496.2645218,2.479575670644246,0.0030374526977539062
1649437496.275077,2.4815757316812648,0.003599882125854492
1649437496.2849908,2.4809507126071964,0.003473520278930664
1649437496.2942197,2.4813257240516373,0.0027365684509277344
1649437496.3046567,2.4805757011627554,0.003168344497680664
1649437496.314546,2.480700704977569,0.003067493438720703
1649437496.3245313,2.4804506973479414,0.0030460357666015625
1649437496.3345182,2.479075655384991,0.003040790557861328
1649437496.3446486,2.479825678273873,0.0031659603118896484
1649437496.354552,2.479825678273873,0.0030722618103027344
1649437496.3645172,2.4808257087923824,0.003036022186279297
1649437496.3745122,2.479575670644246,0.0030364990234375
1649437496.3845348,2.480700704977569,0.003043651580810547
1649437496.3945138,2.4797006744590595,0.003037691116333008
1649437496.404517,2.4804506973479414,0.0030379295349121094
1649437496.4145145,2.4815757316812648,0.003032207489013672
1649437496.4239826,2.4802006897183144,0.002501249313354492
1649437496.434504,2.480700704977569,0.0030252933502197266
1649437496.4445124,2.4803256935331275,0.0030319690704345703
1649437496.4542234,2.48107571642201,0.0027413368225097656
1649437496.464518,2.4805757011627554,0.003031492233276367
1649437496.4745045,2.479950682088687,0.0030241012573242188
1649437496.4845128,2.4815757316812648,0.0030307769775390625
1649437496.4945126,2.4802006897183144,0.0030312538146972656
1649437496.5045125,2.479825678273873,0.003034830093383789
1649437496.514512,2.4802006897183144,0.0030350685119628906
1649437496.5245168,2.479450666829432,0.0030336380004882812
1649437496.5345187,2.4815757316812648,0.0030341148376464844
1649437496.5447855,2.479075655384991,0.0032472610473632812
1649437496.5543067,2.4777006134220407,0.0027718544006347656
1649437496.5643277,2.478325632496109,0.002783060073852539
1649437496.5743155,2.4773256019775998,0.0027785301208496094
1649437496.584371,2.478200628681295,0.0028085708618164062
1649437496.5947056,2.4784506363109227,0.0031576156616210938
1649437496.604454,2.478825647755364,0.0028738975524902344
1649437496.6143703,2.4780756248664817,0.0028116703033447266
1649437496.6243281,2.479075655384991,0.002785921096801758
1649437496.6344283,2.478200628681295,0.002836942672729492
1649437496.6445644,2.478575640125736,0.0027577877044677734
1649437496.6542175,2.477200598162786,0.0026907920837402344
1649437496.6642144,2.475950560014649,0.002685070037841797
1649437496.6741998,2.4764505752739034,0.0026803016662597656
1649437496.6842072,2.4762005676442764,0.0026826858520507812
1649437496.69419,2.474950529496139,0.002671957015991211
1649437496.704254,2.47632557145909,0.002686738967895508
1649437496.7142062,2.4757005523850215,0.0026824474334716797
1649437496.7242577,2.474825525681326,0.0026798248291015625
1649437496.734192,2.474700521866512,0.002665281295776367
1649437496.7443829,2.475075533310953,0.0027480125427246094
1649437496.75413,2.47395049897763,0.002620220184326172
1649437496.7643812,2.474950529496139,0.0028717517852783203
1649437496.774125,2.4757005523850215,0.0026183128356933594
1649437496.7841446,2.474825525681326,0.0026314258575439453
1649437496.7941222,2.4764505752739034,0.002613067626953125
1649437496.8041172,2.4758255561998355,0.0026099681854248047
1649437496.8141487,2.4760755638294625,0.002624988555908203
1649437496.8241956,2.47632557145909,0.0026237964630126953
1649437496.83525,2.475450544755394,0.0028121471405029297
1649437496.8444116,2.4758255561998355,0.002820253372192383
1649437496.8543825,2.4744505142368847,0.0028209686279296875
1649437496.8642366,2.474575518051698,0.002669811248779297
1649437496.8741395,2.4738254951628162,0.002625703811645508
1649437496.8841584,2.475950560014649,0.002638101577758789
1649437496.894156,2.475075533310953,0.002630472183227539
1649437496.9041564,2.4760755638294625,0.0026323795318603516
1649437496.9141312,2.4762005676442764,0.0026149749755859375
1649437496.9247892,2.4773256019775998,0.0032820701599121094
1649437496.9341328,2.4769505905331584,0.0026161670684814453
1649437496.9441826,2.475950560014649,0.0026595592498779297
1649437496.954185,2.476825586718345,0.0026705265045166016
1649437496.9641926,2.4760755638294625,0.0026748180389404297
1649437496.9742036,2.4758255561998355,0.002688884735107422
1649437496.9842134,2.4779506210516677,0.0026924610137939453
1649437496.994202,2.474825525681326,0.0026826858520507812
1649437497.004201,2.476700582903531,0.002679109573364258
1649437497.0142,2.475575548570208,0.0026819705963134766
1649437497.0242057,2.4765755790887174,0.002689838409423828
1649437497.0341964,2.475450544755394,0.0026776790618896484
1649437497.0441964,2.474325510422071,0.0026814937591552734
1649437497.054198,2.474575518051698,0.002682924270629883
1649437497.0649915,2.474950529496139,0.0034487247467041016
1649437497.074201,2.4758255561998355,0.002680540084838867
1649437497.0842917,2.474700521866512,0.002706766128540039
1649437497.094184,2.4758255561998355,0.0026738643646240234
1649437497.1042063,2.475575548570208,0.002687692642211914
1649437497.1142228,2.473075472273934,0.002701997756958008
1649437497.1241977,2.474700521866512,0.0026841163635253906
1649437497.134195,2.473575487533189,0.002676725387573242
1649437497.1442125,2.474200506607257,0.002688169479370117
1649437497.154198,2.473200476088748,0.0026786327362060547
1649437497.1641936,2.474200506607257,0.002679586410522461
1649437497.1741962,2.474825525681326,0.002677440643310547
1649437497.1842039,2.474200506607257,0.002681732177734375
1649437497.1942418,2.4753255409405805,0.002702474594116211
1649437497.204251,2.474200506607257,0.002696514129638672
1649437497.2141888,2.474825525681326,0.002676725387573242
1649437497.2241874,2.474700521866512,0.0026717185974121094
1649437497.2342045,2.474700521866512,0.0026862621307373047
1649437497.2442284,2.475575548570208,0.002701282501220703
1649437497.2542174,2.474200506607257,0.002694368362426758
1649437497.2642672,2.475450544755394,0.002702474594116211
1649437497.2742157,2.474575518051698,0.002696514129638672
1649437497.2842531,2.4744505142368847,0.0027379989624023438
1649437497.2943232,2.4758255561998355,0.002780437469482422
1649437497.3049154,2.475575548570208,0.002740621566772461
1649437497.314234,2.475575548570208,0.002702474594116211
1649437497.3242202,2.475075533310953,0.0026960372924804688
1649437497.3342116,2.4764505752739034,0.002691030502319336
1649437497.3442268,2.474200506607257,0.002706766128540039
1649437497.3542182,2.474700521866512,0.002694368362426758
1649437497.3642323,2.475450544755394,0.0027093887329101562
1649437497.3742156,2.4757005523850215,0.0026938915252685547
1649437497.3842263,2.4760755638294625,0.0027043819427490234
1649437497.3942118,2.475075533310953,0.002691507339477539
1649437497.4043226,2.47632557145909,0.002803325653076172
1649437497.4142125,2.4758255561998355,0.0026895999908447266
1649437497.4242153,2.4773256019775998,0.002694845199584961
1649437497.4342065,2.475075533310953,0.0026853084564208984
1649437497.4442296,2.4773256019775998,0.0027008056640625
1649437497.454209,2.4764505752739034,0.0026857852935791016
1649437497.4643614,2.476700582903531,0.0028367042541503906
1649437497.4742107,2.47632557145909,0.002691030502319336
1649437497.4842215,2.4765755790887174,0.0026979446411132812
1649437497.494209,2.4779506210516677,0.002691984176635742
1649437497.5042074,2.4760755638294625,0.002687692642211914
1649437497.5141857,2.475200537125767,0.0026693344116210938
1649437497.5242217,2.4784506363109227,0.002700328826904297
1649437497.5342062,2.479200659199805,0.002684354782104492
1649437497.5442195,2.4793256630146185,0.0026967525482177734
1649437497.5543015,2.47870064394055,0.002720355987548828
1649437497.5643117,2.479200659199805,0.002788543701171875
1649437497.574209,2.479200659199805,0.0026903152465820312
1649437497.5842557,2.478825647755364,0.0027358531951904297
1649437497.5942705,2.4804506973479414,0.002719879150390625
1649437497.6042333,2.4808257087923824,0.0026946067810058594
1649437497.6142168,2.482950773644215,0.0026960372924804688
1649437497.624205,2.4817007354960787,0.002683877944946289
1649437497.6342018,2.479075655384991,0.0026807785034179688
1649437497.6442115,2.474950529496139,0.002682209014892578
1649437497.6542106,2.4744505142368847,0.0026848316192626953
1649437497.6644225,2.472825464644307,0.0028984546661376953
1649437497.6742048,2.473075472273934,0.002688884735107422
1649437497.6843464,2.474200506607257,0.0027735233306884766
1649437497.6943398,2.473200476088748,0.002784252166748047
1649437497.7048128,2.475950560014649,0.0032792091369628906
1649437497.7141888,2.4760755638294625,0.002666473388671875
1649437497.7242072,2.4765755790887174,0.002677440643310547
1649437497.7342055,2.4773256019775998,0.002682924270629883
1649437497.7441976,2.476825586718345,0.0026671886444091797
1649437497.754136,2.4760755638294625,0.002624988555908203
1649437497.7641249,2.473575487533189,0.0026178359985351562
1649437497.7741346,2.470450392162847,0.0026230812072753906
1649437497.7841349,2.470450392162847,0.0026171207427978516
1649437497.7941358,2.4677003082369455,0.0026237964630126953
1649437497.8041337,2.4678253120517595,0.002620697021484375
1649437497.8141394,2.4662002624591812,0.0026276111602783203
1649437497.8241339,2.464950224311045,0.002623319625854492
1649437497.8341374,2.464325205236976,0.0026252269744873047
1649437497.844521,2.465200231940672,0.0030035972595214844
1649437497.8543081,2.4658252510147403,0.002761363983154297
1649437497.8642588,2.4657002471999268,0.002733945846557617
1649437497.874267,2.466700277718436,0.0027348995208740234
1649437497.8842564,2.465200231940672,0.002732992172241211
1649437497.8945608,2.4633251747184666,0.0027098655700683594
1649437497.9046082,2.460575090792566,0.0027468204498291016
1649437497.9146013,2.460200079348125,0.002741575241088867
1649437497.9247646,2.4570749839777823,0.0028047561645507812
1649437497.935046,2.4570749839777823,0.0030965805053710938
1649437497.944664,2.4585750297555466,0.0027425289154052734
1649437497.9548957,2.4587000335703606,0.003003835678100586
1649437497.9642782,2.4575749992370373,0.002733469009399414
1649437497.974225,2.456199957274087,0.002704143524169922
1649437497.9842157,2.456074953459273,0.0026984214782714844
1649437497.9942641,2.4548249153111366,0.0027446746826171875
1649437498.00424,2.453699880977813,0.002724170684814453
1649437498.0143201,2.454449903866695,0.0027513504028320312
1649437498.0244358,2.4538248847926267,0.0028748512268066406
1649437498.0344305,2.4549499191259496,0.0028929710388183594
1649437498.0445952,2.4554499343852045,0.0030226707458496094
1649437498.0543303,2.4530748619037444,0.002785205841064453
1649437498.0643198,2.454074892422254,0.002776622772216797
1649437498.0743008,2.454449903866695,0.0027725696563720703
1649437498.084296,2.456074953459273,0.0027599334716796875
1649437498.0942926,2.456074953459273,0.0027647018432617188
1649437498.1043177,2.4570749839777823,0.0027799606323242188
1649437498.1143064,2.4555749382000185,0.002771615982055664
1649437498.1243172,2.455324930570391,0.002750396728515625
1649437498.1342494,2.455824945829646,0.002727985382080078
1649437498.1442592,2.455824945829646,0.0027315616607666016
1649437498.154236,2.455824945829646,0.002714395523071289
1649437498.1642463,2.453699880977813,0.0027179718017578125
1649437498.1742828,2.455824945829646,0.002762317657470703
1649437498.1848962,2.4551999267555775,0.0033371448516845703
1649437498.1960027,2.4568249763481553,0.0044097900390625
1649437498.205174,2.4578250068666647,0.0036096572875976562
1649437498.2151983,2.4583250221259196,0.0036249160766601562
1649437498.2252991,2.4592000488296155,0.0037293434143066406
1649437498.2351706,2.4578250068666647,0.003593921661376953
1649437498.2450743,2.457700003051851,0.0027875900268554688
1649437498.2549806,2.4583250221259196,0.003060579299926758
1649437498.2649953,2.458075014496292,0.003062009811401367
1649437498.2750463,2.460450086977752,0.0031385421752929688
1649437498.284993,2.4579500106814782,0.0030660629272460938
1649437498.294978,2.4592000488296155,0.0030553340911865234
1649437498.304994,2.4593250526444286,0.0030663013458251953
1649437498.3149765,2.4599500717184974,0.0030591487884521484
1649437498.3247957,2.4599500717184974,0.0028803348541259766
1649437498.3349793,2.4595750602740565,0.003063201904296875
1649437498.3450263,2.4589500411999876,0.003067493438720703
1649437498.35498,2.4598250679036835,0.003065347671508789
1649437498.3645277,2.460950102237007,0.0030450820922851562
1649437498.3745189,2.4599500717184974,0.003040790557861328
1649437498.384536,2.460950102237007,0.0030584335327148438
1649437498.3945918,2.460200079348125,0.0030982494354248047
1649437498.4045203,2.460450086977752,0.003040790557861328
1649437498.4145083,2.460075075533311,0.003026723861694336
1649437498.4245093,2.461700125125889,0.003030061721801758
1649437498.4345045,2.461950132755516,0.0030269622802734375
1649437498.4445117,2.4592000488296155,0.003032684326171875
1649437498.454511,2.4595750602740565,0.0030286312103271484
1649437498.464523,2.4585750297555466,0.0030448436737060547
1649437498.4745,2.4598250679036835,0.003022432327270508
1649437498.4845214,2.460950102237007,0.003039836883544922
1649437498.4947345,2.4614501174962613,0.003232240676879883
1649437498.5045137,2.460825098422193,0.003037691116333008
1649437498.5145032,2.4607000946073794,0.0030279159545898438
1649437498.5245156,2.460450086977752,0.0030405521392822266
1649437498.534512,2.460575090792566,0.0030291080474853516
1649437498.5445175,2.4610751060518203,0.0030400753021240234
1649437498.5545044,2.4595750602740565,0.0030248165130615234
1649437498.5645058,2.4590750450148016,0.003031015396118164
1649437498.5745027,2.4587000335703606,0.0030231475830078125
1649437498.584513,2.4575749992370373,0.0030345916748046875
1649437498.5945,2.460575090792566,0.0030205249786376953
1649437498.6045108,2.460200079348125,0.003036975860595703
1649437498.6144998,2.460075075533311,0.003020048141479492
1649437498.6245108,2.4603250831629384,0.0030350685119628906
1649437498.6345003,2.460075075533311,0.0030219554901123047
1649437498.644511,2.461325113681448,0.0030324459075927734
1649437498.6545098,2.461950132755516,0.00302886962890625
1649437498.6645188,2.462325144199957,0.0030388832092285156
1649437498.6745014,2.462450148014771,0.003026247024536133
1649437498.6845255,2.462325144199957,0.003048419952392578
1649437498.6945093,2.4622001403851437,0.0030279159545898438
1649437498.704506,2.462325144199957,0.003032207489013672
1649437498.7144957,2.4618251289407023,0.0030164718627929688
1649437498.7245028,2.46207513657033,0.0030236244201660156
1649437498.734634,2.4627001556443986,0.003137350082397461
1649437498.7452478,2.4622001403851437,0.0037403106689453125
1649437498.7545729,2.460200079348125,0.0030794143676757812
1649437498.764604,2.45970006408887,0.0031142234802246094
1649437498.7745616,2.460200079348125,0.00307464599609375
1649437498.7846026,2.460950102237007,0.003114461898803711
1649437498.7945666,2.460075075533311,0.003082752227783203
1649437498.8049254,2.4615751213110753,0.0034155845642089844
1649437498.8145788,2.4595750602740565,0.003072977066040039
1649437498.82461,2.460825098422193,0.003098726272583008
1649437498.8345804,2.4610751060518203,0.0030753612518310547
1649437498.8446205,2.461325113681448,0.0031092166900634766
1649437498.8545868,2.4629501632740256,0.0030760765075683594
1649437498.864628,2.4614501174962613,0.003119230270385742
1649437498.8745818,2.460575090792566,0.0030753612518310547
1649437498.8846169,2.4603250831629384,0.0031096935272216797
1649437498.894587,2.4607000946073794,0.003082275390625
1649437498.9046335,2.4612001098666343,0.0031273365020751953
1649437498.915014,2.4599500717184974,0.00311279296875
1649437498.9250617,2.4612001098666343,0.003137350082397461
1649437498.935016,2.461325113681448,0.003106832504272461
1649437498.9450617,2.460575090792566,0.003133058547973633
1649437498.9553652,2.460075075533311,0.003142118453979492
1649437498.9652874,2.460950102237007,0.0030007362365722656
1649437498.974562,2.462325144199957,0.003024578094482422
1649437498.9846404,2.4614501174962613,0.0030663013458251953
1649437498.994739,2.460825098422193,0.003148794174194336
1649437499.0045307,2.462325144199957,0.002939462661743164
1649437499.0148466,2.462325144199957,0.0028836727142333984
1649437499.024696,2.4618251289407023,0.002761363983154297
1649437499.0347116,2.4610751060518203,0.002757549285888672
1649437499.04493,2.4598250679036835,0.002984285354614258
1649437499.0545301,2.460200079348125,0.002632617950439453
1649437499.0644953,2.460575090792566,0.0026464462280273438
1649437499.0744805,2.4612001098666343,0.0026330947875976562
1649437499.0844777,2.4593250526444286,0.0026369094848632812
1649437499.094481,2.4612001098666343,0.0026340484619140625
1649437499.1044705,2.461700125125889,0.002625703811645508
1649437499.114491,2.4615751213110753,0.0026378631591796875
1649437499.1244907,2.462450148014771,0.002644062042236328
1649437499.1344876,2.4610751060518203,0.0026328563690185547
1649437499.144495,2.4622001403851437,0.002653360366821289
1649437499.1547043,2.460575090792566,0.0027480125427246094
1649437499.1645668,2.4614501174962613,0.0026848316192626953
1649437499.1745834,2.460200079348125,0.002682209014892578
1649437499.1845787,2.460575090792566,0.0026772022247314453
1649437499.194726,2.4607000946073794,0.0027191638946533203
1649437499.2046375,2.461700125125889,0.0027112960815429688
1649437499.2145782,2.4615751213110753,0.0026836395263671875
1649437499.2246008,2.4607000946073794,0.002705812454223633
1649437499.2342432,2.461950132755516,0.0026884078979492188
1649437499.2442462,2.4603250831629384,0.002686738967895508
1649437499.254243,2.4625751518295846,0.002682924270629883
1649437499.2642436,2.460450086977752,0.002682924270629883
1649437499.2742307,2.461325113681448,0.002680540084838867
1649437499.284253,2.4599500717184974,0.0026962757110595703
1649437499.2942333,2.460200079348125,0.002680063247680664
1649437499.304259,2.460075075533311,0.0026857852935791016
1649437499.3144035,2.4599500717184974,0.0028197765350341797
1649437499.324237,2.4607000946073794,0.002676248550415039
1649437499.3342345,2.4610751060518203,0.002674579620361328
1649437499.3442163,2.460575090792566,0.0026624202728271484
1649437499.3542058,2.4592000488296155,0.002658843994140625
1649437499.3641598,2.4594500564592425,0.002620697021484375
1649437499.37417,2.4603250831629384,0.002627849578857422
1649437499.3841646,2.460075075533311,0.002633333206176758
1649437499.3941672,2.4635751823480945,0.0026280879974365234
1649437499.4046772,2.461950132755516,0.003140687942504883
1649437499.4141645,2.4614501174962613,0.0026209354400634766
1649437499.4244266,2.4615751213110753,0.002632617950439453
1649437499.4341776,2.4629501632740256,0.0026350021362304688
1649437499.4441588,2.4622001403851437,0.0026197433471679688
1649437499.4543257,2.4610751060518203,0.0027687549591064453
1649437499.4643998,2.4618251289407023,0.002818584442138672
1649437499.4742393,2.462325144199957,0.0026793479919433594
1649437499.4877617,2.4627001556443986,0.006205558776855469
1649437499.4943202,2.461325113681448,0.0027840137481689453
1649437499.504345,2.4615751213110753,0.0027909278869628906
1649437499.5143936,2.460450086977752,0.002866983413696289
1649437499.524346,2.4603250831629384,0.0027930736541748047
1649437499.5342684,2.461700125125889,0.0027313232421875
1649437499.5442393,2.4610751060518203,0.0027174949645996094
1649437499.5542247,2.4603250831629384,0.0027015209197998047
1649437499.5641685,2.4614501174962613,0.0026531219482421875
1649437499.574152,2.4612001098666343,0.0026400089263916016
1649437499.5841684,2.460825098422193,0.0026521682739257812
1649437499.594152,2.461325113681448,0.0026388168334960938
1649437499.6041608,2.4603250831629384,0.002649068832397461
1649437499.6141415,2.4595750602740565,0.0026297569274902344
1649437499.6242235,2.4595750602740565,0.0027093887329101562
1649437499.6349068,2.4595750602740565,0.003360748291015625
1649437499.6448798,2.460825098422193,0.003374814987182617
1649437499.654956,2.45970006408887,0.003449678421020508
1649437499.665038,2.45970006408887,0.0035114288330078125
1649437499.6749687,2.4612001098666343,0.003453969955444336
1649437499.684977,2.4598250679036835,0.003453969955444336
1649437499.6949925,2.460825098422193,0.003476381301879883
1649437499.704988,2.460950102237007,0.003471851348876953
1649437499.71508,2.461700125125889,0.0035293102264404297
1649437499.724335,2.4593250526444286,0.0027742385864257812
1649437499.7342505,2.4592000488296155,0.002727508544921875
1649437499.7442331,2.4587000335703606,0.0027112960815429688
1649437499.754254,2.4568249763481553,0.0027396678924560547
1649437499.7642257,2.460200079348125,0.0027163028717041016
1649437499.774212,2.458825037385174,0.002695798873901367
1649437499.784224,2.461700125125889,0.002705097198486328
1649437499.794204,2.460450086977752,0.002691984176635742
1649437499.8042088,2.4598250679036835,0.0026967525482177734
1649437499.814208,2.460075075533311,0.0026934146881103516
1649437499.8242168,2.458075014496292,0.0027008056640625
1649437499.834204,2.4568249763481553,0.0026891231536865234
1649437499.844213,2.4593250526444286,0.0026941299438476562
1649437499.8543417,2.4595750602740565,0.002828359603881836
1649437499.8643177,2.460075075533311,0.0027801990509033203
1649437499.8743086,2.4593250526444286,0.0027854442596435547
1649437499.8843005,2.4610751060518203,0.002771139144897461
1649437499.8942907,2.460200079348125,0.0027675628662109375
1649437499.9043014,2.4598250679036835,0.0027735233306884766
1649437499.914298,2.4579500106814782,0.0027742385864257812
1649437499.924293,2.460825098422193,0.0027670860290527344
1649437499.9342942,2.460075075533311,0.00276947021484375
1649437499.9442985,2.4612001098666343,0.0027663707733154297
1649437499.9542906,2.4612001098666343,0.002756834030151367
1649437499.964302,2.4595750602740565,0.0027756690979003906
1649437499.974298,2.4595750602740565,0.0027704238891601562
1649437499.984369,2.461325113681448,0.002838611602783203
1649437499.9943395,2.4595750602740565,0.002794027328491211
1649437500.0042884,2.4592000488296155,0.0027599334716796875
1649437500.0142846,2.4583250221259196,0.0027625560760498047
1649437500.0243042,2.460575090792566,0.0027761459350585938
1649437500.0342836,2.4598250679036835,0.002757549285888672
1649437500.0449243,2.4610751060518203,0.003397226333618164
1649437500.0542817,2.460575090792566,0.002752542495727539
1649437500.0642133,2.4618251289407023,0.0026972293853759766
1649437500.0741985,2.4610751060518203,0.0026879310607910156
1649437500.0842097,2.460950102237007,0.002695798873901367
1649437500.0941942,2.462450148014771,0.0026848316192626953
1649437500.1042018,2.461950132755516,0.002689361572265625
1649437500.114196,2.4593250526444286,0.0026848316192626953
1649437500.1242306,2.4573249916074102,0.002708911895751953
1649437500.1341934,2.4578250068666647,0.0026807785034179688
1649437500.1442182,2.4578250068666647,0.0027053356170654297
1649437500.1543176,2.4568249763481553,0.0028061866760253906
1649437500.1643012,2.457700003051851,0.0027718544006347656
1649437500.1743886,2.4559499496444595,0.0028362274169921875
1649437500.1845045,2.4534498733481853,0.00295257568359375
1649437500.1943078,2.4504497817926576,0.0027730464935302734
1649437500.2043219,2.4504497817926576,0.0027806758880615234
1649437500.2142925,2.4515748161259805,0.0027709007263183594
1649437500.2242982,2.4541998962370677,0.002771139144897461
1649437500.2343123,2.4538248847926267,0.0027921199798583984
1649437500.244396,2.4546999114963226,0.002843618392944336
1649437500.2544641,2.4555749382000185,0.0029070377349853516
1649437500.2641456,2.4539498886074402,0.002635955810546875
1649437500.274144,2.455699942014832,0.0026290416717529297
1649437500.2841382,2.456324961088901,0.002635955810546875
1649437500.2941468,2.454074892422254,0.0026297569274902344
1649437500.3041327,2.455324930570391,0.002630472183227539
1649437500.3141356,2.451699819940794,0.0026345252990722656
1649437500.3241286,2.451699819940794,0.0026276111602783203
1649437500.3341253,2.4510748008667256,0.0026226043701171875
1649437500.3441417,2.4510748008667256,0.002633810043334961
1649437500.354128,2.452199835200049,0.002626657485961914
1649437500.3641956,2.451824823755608,0.0026760101318359375
1649437500.3741972,2.4524498428296764,0.0026845932006835938
1649437500.3841968,2.4505747856074707,0.002684354782104492
1649437500.394197,2.450074770348216,0.002686023712158203
1649437500.404205,2.4484497207556384,0.0026967525482177734
1649437500.414219,2.446574663533433,0.002702951431274414
1649437500.424219,2.4471996826075015,0.002699613571166992
1649437500.4343305,2.447449690237129,0.0027992725372314453
1649437500.4442234,2.4463246559038057,0.0027015209197998047
1649437500.454212,2.447699697866756,0.0026924610137939453
1649437500.4645796,2.447324686422315,0.003059864044189453
1649437500.4742663,2.4455746330149237,0.002740621566772461
1649437500.4842396,2.444699606311228,0.002722501754760742
1649437500.4942825,2.4448246101260414,0.002721548080444336
1649437500.5043728,2.4445746024964143,0.002854585647583008
1649437500.514369,2.446574663533433,0.0028221607208251953
1649437500.5244355,2.4449496139408553,0.002890348434448242
1649437500.5344484,2.444199591051973,0.00289154052734375
1649437500.5442412,2.4440745872371594,0.0027086734771728516
1649437500.5542083,2.4416995147556997,0.0026929378509521484
1649437500.5647547,2.4440745872371594,0.003254413604736328
1649437500.5747395,2.4448246101260414,0.0032482147216796875
1649437500.584749,2.4454496292001098,0.0032541751861572266
1649437500.5947568,2.447574694051943,0.003248929977416992
1649437500.6047504,2.4463246559038057,0.0032529830932617188
1649437500.6147354,2.443949583422346,0.00324249267578125
1649437500.6247437,2.4455746330149237,0.0032482147216796875
1649437500.634734,2.445074617755669,0.003240346908569336
1649437500.6447673,2.444699606311228,0.0032584667205810547
1649437500.655249,2.446949674977874,0.003738880157470703
1649437500.6672356,2.4455746330149237,0.0029282569885253906
1649437500.6745284,2.4453246253852963,0.0029692649841308594
1649437500.6844535,2.447449690237129,0.002837657928466797
1649437500.6946447,2.4471996826075015,0.003054380416870117
1649437500.7043073,2.4495747550889613,0.0027701854705810547
1649437500.7143164,2.4498247627185887,0.0027840137481689453
1649437500.724354,2.451699819940794,0.0028235912322998047
1649437500.7343504,2.4490747398297064,0.002780914306640625
1649437500.7443078,2.4495747550889613,0.002740621566772461
1649437500.7546175,2.4491997436445203,0.0030355453491210938
1649437500.7642071,2.451324808496353,0.0026841163635253906
1649437500.7741776,2.451699819940794,0.002666473388671875
1649437500.7842746,2.450074770348216,0.0027582645416259766
1649437500.794754,2.451699819940794,0.0032007694244384766
1649437500.8043103,2.4506997894222846,0.00276947021484375
1649437500.8145785,2.4501997741630297,0.0030517578125
1649437500.8243256,2.4495747550889613,0.002775907516479492
1649437500.8341398,2.4508247932370986,0.002603292465209961
1649437500.844153,2.4508247932370986,0.002631664276123047
1649437500.8542829,2.4505747856074707,0.0027663707733154297
1649437500.8645818,2.451324808496353,0.0030975341796875
1649437500.8744922,2.4486997283852654,0.0030126571655273438
1649437500.884481,2.450074770348216,0.003005504608154297
1649437500.8944755,2.4496997589037752,0.003000497817993164
1649437500.9045048,2.4508247932370986,0.0030143260955810547
1649437500.914532,2.452199835200049,0.0030384063720703125
1649437500.9244823,2.4530748619037444,0.003005504608154297
1649437500.9344914,2.4505747856074707,0.0030150413513183594
1649437500.9444897,2.4460746482741786,0.0030188560485839844
1649437500.9544787,2.4419495223853267,0.003003835678100586
1649437500.9644833,2.441449507126072,0.003011465072631836
1649437500.9744825,2.443449568163091,0.0030062198638916016
1649437500.9848187,2.4451996215704823,0.0033059120178222656
1649437500.994644,2.446574663533433,0.0031232833862304688
1649437501.0044982,2.4468246711630606,0.0030214786529541016
1649437501.0144892,2.448324716940825,0.003010988235473633
1649437501.024485,2.4490747398297064,0.003011941909790039
1649437501.0344882,2.4506997894222846,0.0030126571655273438
1649437501.0446804,2.4498247627185887,0.0032083988189697266
1649437501.054505,2.4488247322000793,0.0030167102813720703
1649437501.0644996,2.4488247322000793,0.0030035972595214844
1649437501.0744965,2.4504497817926576,0.0030040740966796875
1649437501.0844872,2.4510748008667256,0.0029952526092529297
1649437501.0945783,2.452074831385235,0.0030853748321533203
1649437501.1045616,2.4501997741630297,0.003065347671508789
1649437501.1144934,2.451699819940794,0.003001689910888672
1649437501.1244867,2.4488247322000793,0.002991199493408203
1649437501.1350014,2.4480747093111974,0.0035104751586914062
1649437501.1446073,2.4508247932370986,0.003097057342529297
1649437501.1545439,2.4505747856074707,0.003057241439819336
1649437501.1645393,2.4505747856074707,0.003039121627807617
1649437501.1745021,2.4506997894222846,0.0030202865600585938
1649437501.1848083,2.4530748619037444,0.0033342838287353516
1649437501.1944957,2.4505747856074707,0.0030214786529541016
1649437501.2045047,2.4505747856074707,0.0030221939086914062
1649437501.2145312,2.4499497665334027,0.0030548572540283203
1649437501.2247734,2.4501997741630297,0.003267526626586914
1649437501.2346573,2.4494497512741478,0.0031402111053466797
1649437501.244493,2.4499497665334027,0.0030205249786376953
1649437501.2544987,2.4504497817926576,0.0030214786529541016
1649437501.2644846,2.4503247779778436,0.0030090808868408203
1649437501.274488,2.4508247932370986,0.0030128955841064453
1649437501.2844722,2.450074770348216,0.0030014514923095703
1649437501.2944906,2.4510748008667256,0.003014087677001953
1649437501.304482,2.451949827570422,0.0030112266540527344
1649437501.3144796,2.4505747856074707,0.003007650375366211
1649437501.324478,2.4488247322000793,0.0030045509338378906
1649437501.3344822,2.4471996826075015,0.0030100345611572266
1649437501.344473,2.448199713126011,0.003003835678100586
1649437501.3544674,2.447074678792688,0.0029947757720947266
1649437501.364473,2.444199591051973,0.0030019283294677734
1649437501.3744814,2.439824457533494,0.003008127212524414
1649437501.3844888,2.4371993774224068,0.003011941909790039
1649437501.3944635,2.439824457533494,0.002993345260620117
1649437501.4044685,2.4413245033112583,0.0029981136322021484
1649437501.4144676,2.445074617755669,0.0029952526092529297
1649437501.4244654,2.4448246101260414,0.002995729446411133
1649437501.4344761,2.446949674977874,0.003002643585205078
1649437501.4444792,2.443949583422346,0.0030069351196289062
1649437501.45448,2.438199407940916,0.003004789352416992
1649437501.4644756,2.4376993926816617,0.003001689910888672
1649437501.4744766,2.439574449903867,0.003000974655151367
1649437501.48449,2.44307455671865,0.003014802932739258
1649437501.4944797,2.4431995605334635,0.003008604049682617
1649437501.504509,2.443324564348277,0.0030252933502197266
1649437501.5144765,2.4451996215704823,0.0030040740966796875
1649437501.5244842,2.4463246559038057,0.0030107498168945312
1649437501.5344715,2.4489497360148933,0.003000974655151367
1649437501.5444868,2.4484497207556384,0.0030121803283691406
1649437501.5544806,2.4486997283852654,0.0030100345611572266
1649437501.5647697,2.448574724570452,0.0032317638397216797
1649437501.5743012,2.446949674977874,0.0027625560760498047
1649437501.584291,2.4459496444593647,0.0027625560760498047
1649437501.5942867,2.4428245490890226,0.002765178680419922
1649437501.6043105,2.4388244270149846,0.0027806758880615234
1649437501.6142955,2.4360743430890834,0.002770662307739258
1649437501.6243267,2.434199285866878,0.0027773380279541016
1649437501.634842,2.4371993774224068,0.0032815933227539062
1649437501.6450593,2.438199407940916,0.003442049026489258
1649437501.65496,2.441074495681631,0.003407001495361328
1649437501.665104,2.441449507126072,0.003446817398071289
1649437501.6754556,2.4423245338297677,0.003928184509277344
1649437501.6854413,2.4409494918668173,0.003920078277587891
1649437501.6953382,2.444199591051973,0.0038132667541503906
1649437501.7054358,2.4458246406445507,0.003914356231689453
1649437501.7154448,2.4471996826075015,0.003913164138793945
1649437501.7254424,2.4459496444593647,0.00391387939453125
1649437501.734442,2.4456996368297372,0.002913236618041992
1649437501.7454622,2.446949674977874,0.003934621810913086
1649437501.7554557,2.446949674977874,0.003920078277587891
1649437501.7655208,2.4458246406445507,0.003968954086303711
1649437501.7754643,2.4454496292001098,0.003928661346435547
1649437501.7854583,2.4451996215704823,0.003928661346435547
1649437501.795476,2.4459496444593647,0.0039463043212890625
1649437501.8054562,2.4458246406445507,0.003926515579223633
1649437501.8154926,2.4454496292001098,0.003961324691772461
1649437501.8251717,2.4489497360148933,0.003408670425415039
1649437501.8352115,2.445074617755669,0.003631591796875
1649437501.8458555,2.439949461348308,0.0035796165466308594
1649437501.8544598,2.439824457533494,0.0028760433197021484
1649437501.8645055,2.4340742820520647,0.002945423126220703
1649437501.8742836,2.4333242591631827,0.0027341842651367188
1649437501.8845806,2.433074251533555,0.0030341148376464844
1649437501.894305,2.435574327829829,0.0027704238891601562
1649437501.9048092,2.4376993926816617,0.0033004283905029297
1649437501.9141593,2.439449446089053,0.0026438236236572266
1649437501.924146,2.4419495223853267,0.0026292800903320312
1649437501.934141,2.442949552903836,0.0026388168334960938
1649437501.9448442,2.4440745872371594,0.0033299922943115234
1649437501.9541266,2.443574571977905,0.0026252269744873047
1649437501.9648917,2.4396994537186805,0.0033936500549316406
1649437501.9741535,2.438574419385357,0.002645254135131836
1649437501.9841373,2.4373243812372207,0.0026209354400634766
1649437501.9947853,2.439074434644612,0.003281116485595703
1649437502.0048258,2.440324472792749,0.003325223922729492
1649437502.0141182,2.441449507126072,0.00261688232421875
1649437502.0247972,2.4440745872371594,0.003299713134765625
1649437502.0347857,2.443699575792718,0.0032851696014404297
1649437502.0448902,2.4423245338297677,0.0033860206604003906
1649437502.0542061,2.442949552903836,0.002682924270629883
1649437502.0641973,2.442199530014954,0.0026955604553222656
1649437502.0743353,2.4418245185705127,0.00281524658203125
1649437502.0846677,2.4420745262001406,0.0031037330627441406
1649437502.0943866,2.4424495376445816,0.002843618392944336
1649437502.104558,2.443324564348277,0.003021240234375
1649437502.1145694,2.4419495223853267,0.0030193328857421875
1649437502.124545,2.4408244880520034,0.0030069351196289062
1649437502.1345751,2.4405744804223763,0.0030295848846435547
1649437502.1447985,2.441074495681631,0.0032160282135009766
1649437502.1546292,2.4419495223853267,0.0030601024627685547
1649437502.1645281,2.4420745262001406,0.002991914749145508
1649437502.1744235,2.4388244270149846,0.0028944015502929688
1649437502.184405,2.439199438459426,0.0028777122497558594
1649437502.194419,2.4406994842371903,0.0028874874114990234
1649437502.2044616,2.4411994994964448,0.0029115676879882812
1649437502.2144206,2.4411994994964448,0.0028905868530273438
1649437502.2254534,2.439824457533494,0.003931522369384766
1649437502.2348144,2.4413245033112583,0.003284454345703125
1649437502.245436,2.4405744804223763,0.003909587860107422
1649437502.2554371,2.441074495681631,0.0039021968841552734
1649437502.2653341,2.4415745109408857,0.003806591033935547
1649437502.275715,2.441449507126072,0.004192352294921875
1649437502.2854013,2.4361993469038974,0.003881692886352539
1649437502.2944098,2.4295741447187718,0.002862215042114258
1649437502.3043237,2.4279490951261944,0.002763986587524414
1649437502.3142045,2.4280740989410075,0.0026907920837402344
1649437502.3241796,2.4318242133854184,0.002672910690307617
1649437502.3342705,2.433824274422437,0.0027534961700439453
1649437502.3442054,2.4364493545335244,0.002680063247680664
1649437502.3542628,2.436824365977966,0.0027136802673339844
1649437502.3642297,2.434574297311319,0.002694368362426758
1649437502.3742015,2.429949156163213,0.002683401107788086
1649437502.3843694,2.4280740989410075,0.002857685089111328
1649437502.3942025,2.4314492019409775,0.002676248550415039
1649437502.4041784,2.4320742210150454,0.0026738643646240234
1649437502.4141986,2.433824274422437,0.002681255340576172
1649437502.4241815,2.435449324015015,0.002671480178833008
1649437502.4341817,2.43594933927427,0.0026712417602539062
1649437502.4441807,2.438574419385357,0.0026693344116210938
1649437502.4541922,2.4379494003112887,0.0026748180389404297
1649437502.464191,2.439574449903867,0.0026798248291015625
1649437502.4742792,2.441074495681631,0.002752542495727539
1649437502.4842637,2.4415745109408857,0.0027437210083007812
1649437502.4942644,2.439824457533494,0.002740144729614258
1649437502.5042596,2.43594933927427,0.002741575241088867
1649437502.5142808,2.4294491409039582,0.0027480125427246094
1649437502.5242562,2.424573992126225,0.0027320384979248047
1649437502.534281,2.4265740531632436,0.0027472972869873047
1649437502.544255,2.4295741447187718,0.0027315616607666016
1649437502.5546403,2.4321992248298594,0.0031108856201171875
1649437502.5643113,2.434324289681692,0.0027894973754882812
1649437502.5742798,2.43494930875576,0.002750873565673828
1649437502.5842552,2.4388244270149846,0.002736806869506836
1649437502.5942664,2.4405744804223763,0.0027387142181396484
1649437502.6042573,2.439449446089053,0.0027387142181396484
1649437502.614313,2.43494930875576,0.002762317657470703
1649437502.624259,2.4290741294595173,0.0027341842651367188
1649437502.6342652,2.4243239844965974,0.0027430057525634766
1649437502.6442616,2.427574083681753,0.00273895263671875
1649437502.654276,2.431574205755791,0.0027475357055664062
1649437502.6642642,2.433199255348369,0.002742767333984375
1649437502.6742716,2.434199285866878,0.002742767333984375
1649437502.6842496,2.43594933927427,0.0027320384979248047
1649437502.6942673,2.438699423200171,0.002744436264038086
1649437502.7042534,2.439199438459426,0.002736806869506836
1649437502.7142687,2.4400744651631214,0.002740621566772461
1649437502.7242625,2.4373243812372207,0.0027430057525634766
1649437502.7342682,2.434199285866878,0.0027441978454589844
1649437502.7442725,2.430824182866909,0.002749919891357422
1649437502.7544231,2.4290741294595173,0.0027801990509033203
1649437502.7642562,2.427574083681753,0.002733469009399414
1649437502.7742672,2.425574022644734,0.0027434825897216797
1649437502.7842588,2.426074037903989,0.002739429473876953
1649437502.7942672,2.430324167607654,0.0027399063110351562
1649437502.8042698,2.431074190496536,0.002747058868408203
1649437502.8143175,2.434699301126133,0.0027472972869873047
1649437502.8242567,2.435449324015015,0.002729654312133789
1649437502.834264,2.437074373607593,0.0027403831481933594
1649437502.844261,2.4361993469038974,0.0027391910552978516
1649437502.8542776,2.437074373607593,0.0027484893798828125
1649437502.864263,2.4379494003112887,0.0027391910552978516
1649437502.87427,2.4388244270149846,0.002742290496826172
1649437502.884257,2.4376993926816617,0.0027379989624023438
1649437502.8942752,2.4333242591631827,0.002748250961303711
1649437502.9048924,2.429824152348399,0.003373384475708008
1649437502.914265,2.4233239539780875,0.0027418136596679688
1649437502.9242535,2.4253240150151067,0.0027306079864501953
1649437502.934276,2.4276990874965665,0.002749204635620117
1649437502.9442644,2.4295741447187718,0.0027420520782470703
1649437502.9542634,2.433199255348369,0.002733469009399414
1649437502.9732978,2.435574327829829,0.0028810501098632812
1649437502.9770224,2.4373243812372207,0.0027124881744384766
1649437502.9842038,2.4336992706076237,0.002693653106689453
1649437502.9942212,2.4325742362743004,0.002696514129638672
1649437503.0042033,2.4316992095706045,0.0026845932006835938
1649437503.0142066,2.430574175237281,0.0026853084564208984
1649437503.0242014,2.430324167607654,0.002683401107788086
1649437503.0342293,2.43019916379284,0.002687215805053711
1649437503.044214,2.433199255348369,0.002698183059692383
1649437503.054211,2.4366993621631523,0.0026891231536865234
1649437503.0641997,2.4360743430890834,0.0026826858520507812
1649437503.0742044,2.43119919431135,0.0026886463165283203
1649437503.0843,2.426699056978057,0.002794027328491211
1649437503.0942454,2.423198950163274,0.0027091503143310547
1649437503.1047914,2.421948912015137,0.0027370452880859375
1649437503.1142182,2.425824030274361,0.002693653106689453
1649437503.1242368,2.426699056978057,0.0027070045471191406
1649437503.1342118,2.426324045533616,0.0026960372924804688
1649437503.1442244,2.4283241065706354,0.0027103424072265625
1649437503.1542015,2.4300741599780267,0.002685070037841797
1649437503.1642084,2.4319492172002324,0.0026907920837402344
1649437503.1742258,2.4329492477187413,0.0026853084564208984
1649437503.1842139,2.4365743583483384,0.0026922225952148438
1649437503.1942184,2.43594933927427,0.002704620361328125
1649437503.2049756,2.4344492934965056,0.0034024715423583984
1649437503.21523,2.433199255348369,0.003668546676635742
1649437503.2253277,2.431074190496536,0.0037653446197509766
1649437503.2349262,2.4339492782372507,0.0029993057250976562
1649437503.2446487,2.435199316385388,0.002789020538330078
1649437503.2545629,2.433824274422437,0.0027108192443847656
1649437503.2646296,2.4329492477187413,0.0027828216552734375
1649437503.274783,2.4274490798669395,0.002719402313232422
1649437503.2847981,2.4213238929410688,0.0032901763916015625
1649437503.2947493,2.422448927274392,0.003253459930419922
1649437503.3048036,2.4256990264595477,0.0032958984375
1649437503.3147376,2.428449110385449,0.0032248497009277344
1649437503.324793,2.4300741599780267,0.0032854080200195312
1649437503.3347385,2.4294491409039582,0.0032415390014648438
1649437503.3447738,2.4300741599780267,0.0032820701599121094
1649437503.354819,2.429949156163213,0.0032796859741210938
1649437503.3648038,2.4293241370891447,0.003294229507446289
1649437503.3741977,2.426699056978057,0.002696990966796875
1649437503.3846226,2.4210738853114417,0.002779245376586914
1649437503.3945367,2.41832380138554,0.00269317626953125
1649437503.404608,2.417948789941099,0.002768278121948242
1649437503.4145298,2.421948912015137,0.0026903152465820312
1649437503.4246075,2.425949034089175,0.0027675628662109375
1649437503.4347398,2.43019916379284,0.0027892589569091797
1649437503.44511,2.4339492782372507,0.003206968307495117
1649437503.4546518,2.433074251533555,0.0027947425842285156
1649437503.4646745,2.430449171422468,0.0028257369995117188
1649437503.4746861,2.4190738242744225,0.002813100814819336
1649437503.4842153,2.418823816644795,0.0027008056640625
1649437503.4942176,2.422323923459578,0.002708911895751953
1649437503.5042508,2.4246989959410383,0.0027055740356445312
1649437503.5142057,2.425949034089175,0.0026946067810058594
1649437503.524755,2.427199072237312,0.0032453536987304688
1649437503.534193,2.4294491409039582,0.0026853084564208984
1649437503.544207,2.4326992400891143,0.0026955604553222656
1649437503.5542023,2.4316992095706045,0.0026950836181640625
1649437503.5641985,2.430699179052095,0.002691030502319336
1649437503.5741744,2.429824152348399,0.0026655197143554688
1649437503.5842917,2.4285741142002624,0.0027704238891601562
1649437503.5942762,2.420948881496628,0.0027544498443603516
1649437503.6042967,2.4173237708670308,0.0027697086334228516
1649437503.6142852,2.4174487746818443,0.0027582645416259766
1649437503.6242876,2.418448805200354,0.0027582645416259766
1649437503.6342778,2.415823725089267,0.0027534961700439453
1649437503.6442735,2.417573778496658,0.0027463436126708984
1649437503.6542795,2.420823877681814,0.002756834030151367
1649437503.6643033,2.4254490188299203,0.002780914306640625
1649437503.6742718,2.4281991027558214,0.0027544498443603516
1649437503.6842825,2.4294491409039582,0.002760648727416992
1649437503.6946719,2.426699056978057,0.003152608871459961
1649437503.704343,2.4256990264595477,0.002795696258544922
1649437503.714758,2.4194488357188635,0.002867460250854492
1649437503.7246761,2.415698721274453,0.0027849674224853516
1649437503.734743,2.416198736533708,0.0028595924377441406
1649437503.7446685,2.420198858607746,0.0027778148651123047
1649437503.7548628,2.424448988311411,0.002802610397338867
1649437503.764685,2.4250740073854797,0.002791166305541992
1649437503.774316,2.425824030274361,0.0027861595153808594
1649437503.7846832,2.4241989806817834,0.0028314590454101562
1649437503.7945487,2.420073854792932,0.002705812454223633
1649437503.8046677,2.4185738090151676,0.0028274059295654297
1649437503.814551,2.4225739310892056,0.002704620361328125
1649437503.8246143,2.4243239844965974,0.002740621566772461
1649437503.8355172,2.424823999755852,0.0036191940307617188
1649437503.8443387,2.4254490188299203,0.0028030872344970703
1649437503.8542724,2.4276990874965665,0.0027513504028320312
1649437503.8642964,2.42882412182989,0.0027616024017333984
1649437503.8742402,2.4294491409039582,0.0027213096618652344
1649437503.884298,2.427199072237312,0.002774953842163086
1649437503.8943112,2.42882412182989,0.0027856826782226562
1649437503.9042778,2.4283241065706354,0.002760171890258789
1649437503.914308,2.4281991027558214,0.0027794837951660156
1649437503.9242866,2.428449110385449,0.0027589797973632812
1649437503.9342957,2.4274490798669395,0.00276947021484375
1649437503.9442835,2.426699056978057,0.002758502960205078
1649437503.9542868,2.427574083681753,0.002760648727416992
1649437503.9642837,2.4289491256447038,0.0027675628662109375
1649437503.9743125,2.4300741599780267,0.00278472900390625
1649437503.9844246,2.429199133274331,0.0028314590454101562
1649437503.9943695,2.429949156163213,0.002745389938354492
1649437504.0043192,2.4213238929410688,0.002760171890258789
1649437504.0144663,2.416698751792963,0.0027687549591064453
1649437504.0243373,2.4130736411633658,0.0027544498443603516
1649437504.0343168,2.416698751792963,0.0027511119842529297
1649437504.0442994,2.420823877681814,0.002742290496826172
1649437504.0543323,2.4254490188299203,0.002766847610473633
1649437504.06431,2.4269490646076846,0.002745389938354492
1649437504.074318,2.425824030274361,0.0027573108673095703
1649437504.084368,2.418073793755913,0.0028076171875
1649437504.094222,2.416573747978149,0.0026807785034179688
1649437504.1042237,2.4213238929410688,0.002681255340576172
1649437504.1142242,2.422073915829951,0.0026826858520507812
1649437504.1242125,2.422448927274392,0.0026743412017822266
1649437504.1342156,2.426199041718802,0.002669811248779297
1649437504.144212,2.4269490646076846,0.002670764923095703
1649437504.1542268,2.4289491256447038,0.0026798248291015625
1649437504.1647847,2.4286991180150763,0.0032405853271484375
1649437504.1743264,2.4276990874965665,0.002786874771118164
1649437504.184241,2.428449110385449,0.002681255340576172
1649437504.1942236,2.429824152348399,0.0026764869689941406
1649437504.2042477,2.4281991027558214,0.002686738967895508
1649437504.2142184,2.429949156163213,0.0026760101318359375
1649437504.2242053,2.429949156163213,0.0026674270629882812
1649437504.2342184,2.429199133274331,0.0026760101318359375
1649437504.2443888,2.426074037903989,0.0028502941131591797
1649437504.254422,2.420448866237373,0.002840757369995117
1649437504.2642164,2.4171987670522173,0.0026683807373046875
1649437504.27455,2.417948789941099,0.0028045177459716797
1649437504.2844007,2.420448866237373,0.002882719039916992
1649437504.2942634,2.4246989959410383,0.0027458667755126953
1649437504.3042624,2.4256990264595477,0.002742767333984375
1649437504.3142254,2.4286991180150763,0.002706766128540039
1649437504.3242123,2.429199133274331,0.002698183059692383
1649437504.334216,2.4276990874965665,0.0027060508728027344
1649437504.3441973,2.4185738090151676,0.0026841163635253906
1649437504.3542151,2.414448683126316,0.002698659896850586
1649437504.3641922,2.4186988128299816,0.0026814937591552734
1649437504.3742077,2.4210738853114417,0.002692699432373047
1649437504.3842912,2.4238239692373424,0.002770662307739258
1649437504.3942802,2.426699056978057,0.0027496814727783203
1649437504.404286,2.42882412182989,0.0027704238891601562
1649437504.4142973,2.429949156163213,0.0027756690979003906
1649437504.424291,2.4238239692373424,0.0027687549591064453
1649437504.434305,2.417573778496658,0.002771139144897461
1649437504.4442747,2.4115735953856015,0.002750396728515625
1649437504.4542904,2.412448622089297,0.002764463424682617
1649437504.4642935,2.412573625904111,0.0027680397033691406
1649437504.4742725,2.4181987975707266,0.0027527809143066406
1649437504.4843273,2.4211988891262552,0.0027840137481689453
1649437504.494289,2.4241989806817834,0.002767324447631836
1649437504.5043118,2.4274490798669395,0.0027832984924316406
1649437504.5142896,2.4296991485335857,0.002766847610473633
1649437504.5242946,2.427199072237312,0.002767324447631836
1649437504.5342817,2.42169890438551,0.002760171890258789
1649437504.5442774,2.4154487136448255,0.002753019332885742
1649437504.5543127,2.411698599200415,0.0027747154235839844
1649437504.5644062,2.4104485610522786,0.002852201461791992
1649437504.5742986,2.4115735953856015,0.002766847610473633
1649437504.5842888,2.4170737632374037,0.0027611255645751953
1649437504.5942814,2.422073915829951,0.0027556419372558594
1649437504.6042767,2.422448927274392,0.002752542495727539
1649437504.614267,2.4168237556077763,0.002742767333984375
1649437504.6242795,2.412948637348552,0.002751588821411133
1649437504.634286,2.410073549607837,0.002760171890258789
1649437504.6442833,2.4099485457930236,0.0027604103088378906
1649437504.6542728,2.4084485000152593,0.002748727798461914
1649437504.6642847,2.410948576311533,0.002763509750366211
1649437504.6742837,2.407948484756005,0.0027637481689453125
1649437504.684277,2.4119486068300424,0.0027573108673095703
1649437504.6942706,2.4095735343485822,0.0027523040771484375
1649437504.7042756,2.408573503830073,0.002754688262939453
1649437504.7142682,2.4103235572374646,0.002744913101196289
1649437504.7243538,2.4084485000152593,0.0028336048126220703
1649437504.7342796,2.405698416089358,0.0027587413787841797
1649437504.7442834,2.4066984466078676,0.002763032913208008
1649437504.7542825,2.407323465681936,0.0027573108673095703
1649437504.7642815,2.405448408459731,0.0027577877044677734
1649437504.774269,2.4075734733115635,0.0027527809143066406
1649437504.784281,2.4059484237189857,0.0027637481689453125
1649437504.7942574,2.4063234351634266,0.0027341842651367188
1649437504.804873,2.407823480941191,0.003353118896484375
1649437504.814394,2.40744846949675,0.0028145313262939453
1649437504.825159,2.412573625904111,0.0035927295684814453
1649437504.8353336,2.416448744163335,0.0037736892700195312
1649437504.8448539,2.4198238471633045,0.003297567367553711
1649437504.8547466,2.416198736533708,0.003162860870361328
1649437504.8652015,2.408698507644887,0.0036640167236328125
1649437504.8751674,2.4061984313486127,0.003627777099609375
1649437504.8845053,2.409448530533769,0.0029764175415039062
1649437504.8947723,2.408073488570818,0.0032608509063720703
1649437504.904755,2.40744846949675,0.003241300582885742
1649437504.9147482,2.410948576311533,0.0032401084899902344
1649437504.9247377,2.4084485000152593,0.003240823745727539
1649437504.9347389,2.4134486526078067,0.0032329559326171875
1649437504.9447196,2.4135736564226202,0.0032274723052978516
1649437504.9547195,2.413323648792993,0.0032265186309814453
1649437504.9647274,2.4138236640522477,0.0032248497009277344
1649437504.974725,2.4143236793115026,0.0032210350036621094
1649437504.9848502,2.4178237861262852,0.003340482711791992
1649437504.9943106,2.412573625904111,0.0027501583099365234
1649437505.0043087,2.4110735801263465,0.00274658203125
1649437505.014298,2.4111985839411605,0.002738475799560547
1649437505.0243037,2.41219861445967,0.0027408599853515625
1649437505.0342941,2.4149486983855706,0.0027437210083007812
1649437505.0442927,2.4145736869411296,0.002735137939453125
1649437505.0543027,2.4141986754966887,0.0027413368225097656
1649437505.0643005,2.4141986754966887,0.0027348995208740234
1649437505.074299,2.413948667867061,0.0027496814727783203
1649437505.0843632,2.418073793755913,0.002761363983154297
1649437505.0946174,2.4190738242744225,0.0030608177185058594
1649437505.1045427,2.418448805200354,0.00295257568359375
1649437505.1143296,2.415323709830012,0.0028057098388671875
1649437505.1243656,2.41694875942259,0.0028111934661865234
1649437505.134348,2.4170737632374037,0.0027954578399658203
1649437505.1443503,2.417948789941099,0.0028009414672851562
1649437505.154341,2.417573778496658,0.0027904510498046875
1649437505.1643548,2.4185738090151676,0.0028066635131835938
1649437505.17453,2.4145736869411296,0.0029621124267578125
1649437505.1843646,2.4145736869411296,0.0027189254760742188
1649437505.1941934,2.414448683126316,0.002662181854248047
1649437505.204204,2.4131986449781793,0.002676248550415039
1649437505.2141786,2.4154487136448255,0.0026671886444091797
1649437505.2241797,2.416323740348522,0.0026671886444091797
1649437505.2341607,2.416448744163335,0.002653360366821289
1649437505.2441459,2.417573778496658,0.0026459693908691406
1649437505.2541454,2.416573747978149,0.002644062042236328
1649437505.2641404,2.415698721274453,0.002638101577758789
1649437505.2741508,2.4155737174596394,0.0026366710662841797
1649437505.284199,2.4150737022003845,0.0026710033416748047
1649437505.2942195,2.4155737174596394,0.002707958221435547
1649437505.3042378,2.415323709830012,0.0027124881744384766
1649437505.3143194,2.4178237861262852,0.0028111934661865234
1649437505.3242164,2.417698782311472,0.002691507339477539
1649437505.3342054,2.418073793755913,0.002694845199584961
1649437505.3442163,2.415698721274453,0.002704620361328125
1649437505.3541813,2.4150737022003845,0.002670764923095703
1649437505.3642085,2.413948667867061,0.002698659896850586
1649437505.374188,2.4149486983855706,0.002681255340576172
1649437505.3841999,2.415698721274453,0.002689838409423828
1649437505.3942015,2.4159487289040804,0.002692699432373047
1649437505.4048688,2.4168237556077763,0.002880573272705078
1649437505.4149783,2.416323740348522,0.0034105777740478516
1649437505.4246795,2.4168237556077763,0.0031447410583496094
1649437505.4342418,2.4151987060151985,0.002715587615966797
1649437505.44423,2.4155737174596394,0.002702474594116211
1649437505.4545429,2.4146986907559436,0.0027017593383789062
1649437505.4645364,2.4134486526078067,0.0026946067810058594
1649437505.4745142,2.4145736869411296,0.0026819705963134766
1649437505.4845479,2.416698751792963,0.0026960372924804688
1649437505.494525,2.418073793755913,0.002698659896850586
1649437505.5045145,2.4198238471633045,0.0026848316192626953
1649437505.514506,2.416448744163335,0.0026748180389404297
1649437505.5245147,2.409448530533769,0.0026857852935791016
1649437505.5345225,2.4020733054597616,0.0026879310607910156
1649437505.544558,2.4023233130893886,0.0027179718017578125
1649437505.55461,2.404323374126408,0.0027217864990234375
1649437505.5645196,2.4048233893856623,0.002685070037841797
1649437505.5745265,2.4064484389782406,0.002689361572265625
1649437505.5845442,2.4066984466078676,0.002684354782104492
1649437505.5945227,2.4088235114597003,0.002689361572265625
1649437505.6045256,2.411323587755974,0.002691507339477539
1649437505.614513,2.408198492385632,0.002681732177734375
1649437505.6245153,2.4018232978301337,0.0026841163635253906
1649437505.6345098,2.399948240607929,0.0026803016662597656
1649437505.6445138,2.405448408459731,0.0026853084564208984
1649437505.6545076,2.4024483169042026,0.0026781558990478516
1649437505.6645157,2.4055734122745447,0.002686738967895508
1649437505.6745129,2.4061984313486127,0.002687215805053711
1649437505.6845083,2.407698477126377,0.0026819705963134766
1649437505.6945024,2.408573503830073,0.002681255340576172
1649437505.7045126,2.408573503830073,0.0026824474334716797
1649437505.714518,2.4101985534226507,0.002685546875
1649437505.7245653,2.4105735648670916,0.0027413368225097656
1649437505.7348168,2.411323587755974,0.0028886795043945312
1649437505.7446542,2.411448591570788,0.0026426315307617188
1649437505.7547574,2.4128236335337383,0.002832651138305664
1649437505.7648554,2.41219861445967,0.0029485225677490234
1649437505.7749305,2.4106985686819056,0.003040313720703125
1649437505.784662,2.409448530533769,0.0027735233306884766
1649437505.7945733,2.408198492385632,0.002650737762451172
1649437505.8049977,2.40744846949675,0.003036975860595703
1649437505.8144128,2.4098235419782097,0.002853870391845703
1649437505.8244011,2.4115735953856015,0.0028460025787353516
1649437505.8343701,2.412573625904111,0.002815723419189453
1649437505.844293,2.409323526718955,0.002766847610473633
1649437505.854261,2.4095735343485822,0.0027403831481933594
1649437505.8642895,2.410948576311533,0.002754688262939453
1649437505.8743117,2.408198492385632,0.0027773380279541016
1649437505.884227,2.4099485457930236,0.0026755332946777344
1649437505.8944783,2.4099485457930236,0.0030066967010498047
1649437505.9044838,2.411448591570788,0.003014087677001953
1649437505.914618,2.4111985839411605,0.0031464099884033203
1649437505.9245236,2.412323618274484,0.003027677536010742
1649437505.9344785,2.4110735801263465,0.003009796142578125
1649437505.944476,2.4106985686819056,0.0030024051666259766
1649437505.9541936,2.4103235572374646,0.0027112960815429688
1649437505.9642508,2.4104485610522786,0.0027685165405273438
1649437505.9745243,2.412073610644856,0.003049612045288086
1649437505.9845889,2.4115735953856015,0.0031137466430664062
1649437505.9945056,2.412948637348552,0.0030252933502197266
1649437506.0045073,2.4141986754966887,0.003033876419067383
1649437506.0145254,2.4145736869411296,0.00304412841796875
1649437506.024392,2.4135736564226202,0.002923250198364258
1649437506.0345466,2.4154487136448255,0.003050565719604492
1649437506.044493,2.4131986449781793,0.003020763397216797
1649437506.0544972,2.412573625904111,0.003025531768798828
1649437506.0644784,2.412698629718925,0.0030052661895751953
1649437506.0745006,2.407823480941191,0.003030061721801758
1649437506.0844886,2.402573320719016,0.0030171871185302734
1649437506.0944993,2.397448164311655,0.0030274391174316406
1649437506.1044865,2.3979481795709097,0.0030138492584228516
1649437506.1145093,2.398573198644978,0.003038644790649414
1649437506.1247714,2.3961981261635183,0.0032935142517089844
1649437506.1344965,2.39457307657094,0.0030264854431152344
1649437506.14449,2.4011982787560657,0.003018617630004883
1649437506.1545033,2.4071984618671225,0.003030538558959961
1649437506.1644816,2.411323587755974,0.0030117034912109375
1649437506.1744893,2.411698599200415,0.0030202865600585938
1649437506.1845028,2.4101985534226507,0.003033876419067383
1649437506.1948142,2.408198492385632,0.003044605255126953
1649437506.2041154,2.407698477126377,0.002615690231323242
1649437506.2140858,2.4063234351634266,0.002580881118774414
1649437506.2242649,2.404323374126408,0.0026633739471435547
1649437506.234569,2.405448408459731,0.003061532974243164
1649437506.2445385,2.407948484756005,0.0030488967895507812
1649437506.2542102,2.4099485457930236,0.002718210220336914
1649437506.2645464,2.4091985229041413,0.0030422210693359375
1649437506.2744987,2.409698538163396,0.0030045509338378906
1649437506.284553,2.408073488570818,0.003032684326171875
1649437506.2944958,2.4065734427930536,0.0030045509338378906
1649437506.3046596,2.4013232825708792,0.003169536590576172
1649437506.3155582,2.3939480574968717,0.004061698913574219
1649437506.32459,2.3923230079042943,0.003115415573120117
1649437506.334531,2.3891979125339518,0.0030617713928222656
1649437506.3445463,2.3929480269783623,0.0030710697174072266
1649437506.3545382,2.39557310708945,0.0030698776245117188
1649437506.364547,2.3960731223487044,0.0030744075775146484
1649437506.374532,2.3968231452375863,0.0030655860900878906
1649437506.3845603,2.3968231452375863,0.0030851364135742188
1649437506.3945289,2.399573229163488,0.0030622482299804688
1649437506.4045496,2.403073335978271,0.003076791763305664
1649437506.4145336,2.404698385570849,0.003064870834350586
1649437506.4246168,2.404198370311594,0.0031211376190185547
1649437506.4345157,2.4023233130893886,0.0030448436737060547
1649437506.4445438,2.4020733054597616,0.0030739307403564453
1649437506.454573,2.398948210089419,0.0030748844146728516
1649437506.4645574,2.399573229163488,0.003057241439819336
1649437506.4744945,2.398573198644978,0.003022432327270508
1649437506.4844851,2.399448225348674,0.0030159950256347656
1649437506.4945054,2.398573198644978,0.003035306930541992
1649437506.5044837,2.398573198644978,0.0030171871185302734
1649437506.514777,2.3975731681264687,0.0033059120178222656
1649437506.5245035,2.399948240607929,0.0030367374420166016
1649437506.534484,2.402948332163457,0.003011941909790039
1649437506.5444798,2.4031983397930845,0.0030100345611572266
1649437506.5545022,2.4048233893856623,0.0030333995819091797
1649437506.5645251,2.4023233130893886,0.003057241439819336
1649437506.5745075,2.4051984008301033,0.002992391586303711
1649437506.5846844,2.404323374126408,0.003160715103149414
1649437506.594346,2.405448408459731,0.0027875900268554688
1649437506.604315,2.4060734275337996,0.0027539730072021484
1649437506.6143029,2.4055734122745447,0.002718210220336914
1649437506.6249523,2.4068234504226815,0.0028684139251708984
1649437506.6351683,2.4013232825708792,0.002936124801635742
1649437506.6451035,2.398198187200537,0.0028467178344726562
1649437506.6549215,2.3918229926450394,0.0027925968170166016
1649437506.6648877,2.391447981200598,0.0033447742462158203
1649437506.6748698,2.3931980346079897,0.0033431053161621094
1649437506.6848783,2.3953230994598225,0.003344297409057617
1649437506.695167,2.3984481948301646,0.003667116165161133
1649437506.7052102,2.3980731833857236,0.003693103790283203
1649437506.7152853,2.4009482711264383,0.0033147335052490234
1649437506.7251837,2.4011982787560657,0.003679990768432617
1649437506.7352946,2.4055734122745447,0.003320932388305664
1649437506.7453392,2.4058234199041717,0.0033135414123535156
1649437506.7553499,2.4075734733115635,0.0033338069915771484
1649437506.765281,2.4031983397930845,0.0033130645751953125
1649437506.7752934,2.403573351237526,0.0033147335052490234
1649437506.785255,2.4008232673116243,0.0032753944396972656
1649437506.7954895,2.401448286385693,0.0034232139587402344
1649437506.8054006,2.4006982634968113,0.0033500194549560547
1649437506.8154118,2.4013232825708792,0.0033469200134277344
1649437506.8254738,2.4026983245338296,0.003420114517211914
1649437506.8351343,2.4055734122745447,0.0029082298278808594
1649437506.8451443,2.4051984008301033,0.0029489994049072266
1649437506.855094,2.4066984466078676,0.0029387474060058594
1649437506.8643079,2.403948362681967,0.0027570724487304688
1649437506.8742478,2.403948362681967,0.002722024917602539
1649437506.8842149,2.404698385570849,0.0027039051055908203
1649437506.8944829,2.402573320719016,0.0026521682739257812
1649437506.9044383,2.4048233893856623,0.0026454925537109375
1649437506.9144418,2.4053234046449172,0.0026433467864990234
1649437506.9244304,2.4055734122745447,0.0026369094848632812
1649437506.9344375,2.404698385570849,0.0026407241821289062
1649437506.944421,2.4045733817560353,0.0026292800903320312
1649437506.9544296,2.4048233893856623,0.00263214111328125
1649437506.964423,2.4058234199041717,0.0026302337646484375
1649437506.9744265,2.4063234351634266,0.002635955810546875
1649437506.984422,2.405448408459731,0.0026268959045410156
1649437506.994492,2.40169829401532,0.002681732177734375
1649437507.0045707,2.398698202459792,0.0027048587799072266
1649437507.0145235,2.3891979125339518,0.0026886463165283203
1649437507.0245247,2.3854477980895417,0.002696514129638672
1649437507.0345178,2.3843227637562183,0.002681732177734375
1649437507.0445256,2.3838227484969634,0.0026950836181640625
1649437507.054524,2.3874478591265604,0.0026895999908447266
1649437507.064511,2.3929480269783623,0.0026826858520507812
1649437507.0745175,2.3973231604968412,0.0026907920837402344
1649437507.0845041,2.40032325205237,0.002680540084838867
1649437507.0950878,2.403073335978271,0.0032575130462646484
1649437507.1045063,2.4006982634968113,0.002682209014892578
1649437507.1145139,2.3970731528672142,0.002678394317626953
1649437507.124511,2.38844788964507,0.002686738967895508
1649437507.1345341,2.3850727866451007,0.002682209014892578
1649437507.1532106,2.384072756126591,0.0028104782104492188
1649437507.1565745,2.384822779015473,0.0028295516967773438
1649437507.164297,2.3841977599414044,0.0027618408203125
1649437507.1742795,2.3869478438673055,0.0027511119842529297
1649437507.1842782,2.390322946867275,0.002753019332885742
1649437507.1942866,2.3940730613116856,0.0027322769165039062
1649437507.2042751,2.3933230384228037,0.0027494430541992188
1649437507.2146,2.3940730613116856,0.0030236244201660156
1649437507.2243726,2.3961981261635183,0.0028352737426757812
1649437507.234258,2.394698080385754,0.0027298927307128906
1649437507.2441907,2.3966981414227733,0.002687692642211914
1649437507.2542045,2.397823175756096,0.002691984176635742
1649437507.2641947,2.3971981566820277,0.002687692642211914
1649437507.2741947,2.3973231604968412,0.0026900768280029297
1649437507.2841818,2.3980731833857236,0.0026831626892089844
1649437507.294164,2.397448164311655,0.0026597976684570312
1649437507.3047347,2.3983231910153506,0.0032355785369873047
1649437507.3147354,2.3968231452375863,0.0032448768615722656
1649437507.3247254,2.397448164311655,0.003222942352294922
1649437507.3347182,2.3953230994598225,0.0032308101654052734
1649437507.3447347,2.3936980498672447,0.0032351016998291016
1649437507.3547125,2.3964481337931454,0.003221273422241211
1649437507.3642073,2.3966981414227733,0.002706289291381836
1649437507.374732,2.3979481795709097,0.003231048583984375
1649437507.3847263,2.399073213904233,0.003229856491088867
1649437507.394788,2.3969481490524003,0.0032961368560791016
1649437507.4042609,2.3966981414227733,0.002742767333984375
1649437507.4142735,2.3976981719412827,0.0027484893798828125
1649437507.4243858,2.3984481948301646,0.00286865234375
1649437507.4343174,2.3975731681264687,0.002771615982055664
1649437507.444279,2.3961981261635183,0.002752542495727539
1649437507.4542716,2.399073213904233,0.002747774124145508
1649437507.4642625,2.3966981414227733,0.0027425289154052734
1649437507.4743807,2.398573198644978,0.0028128623962402344
1649437507.4851766,2.3970731528672142,0.003390073776245117
1649437507.494295,2.3980731833857236,0.002764463424682617
1649437507.5041218,2.398198187200537,0.0026247501373291016
1649437507.5141203,2.3988232062746055,0.002626180648803711
1649437507.5241513,2.3988232062746055,0.0026388168334960938
1649437507.5347745,2.396323129978332,0.003281831741333008
1649437507.5441244,2.393448042237617,0.0026323795318603516
1649437507.5553353,2.390947965941343,0.0038421154022216797
1649437507.564335,2.3836977446821495,0.002812623977661133
1649437507.5774932,2.380197637867367,0.002743244171142578
1649437507.5841382,2.3830727256080815,0.0026259422302246094
1649437507.5941706,2.383197729422895,0.0026655197143554688
1649437507.6041856,2.3873228553117465,0.002676248550415039
1649437507.6141949,2.38844788964507,0.002686738967895508
1649437507.6241786,2.390322946867275,0.0026700496673583984
1649437507.6341882,2.3939480574968717,0.0026755332946777344
1649437507.644168,2.3953230994598225,0.0026607513427734375
1649437507.6541753,2.3960731223487044,0.0026624202728271484
1649437507.6641772,2.399573229163488,0.002669811248779297
1649437507.674186,2.394823084200568,0.002676248550415039
1649437507.6841605,2.3918229926450394,0.0026590824127197266
1649437507.695053,2.3835727408673364,0.0035152435302734375
1649437507.7042508,2.3830727256080815,0.002725362777709961
1649437507.7148037,2.386322824793237,0.003294229507446289
1649437507.7248685,2.3874478591265604,0.0033631324768066406
1649437507.7347968,2.3880728782006284,0.0033020973205566406
1649437507.7448244,2.3879478743858153,0.0033359527587890625
1649437507.7548945,2.390322946867275,0.003383636474609375
1649437507.7648299,2.3921980040894804,0.003338336944580078
1649437507.7747817,2.3939480574968717,0.003284454345703125
1649437507.7848434,2.3939480574968717,0.0033371448516845703
1649437507.7943914,2.3936980498672447,0.0028765201568603516
1649437507.8044362,2.391447981200598,0.0027008056640625
1649437507.8143415,2.390697958311716,0.002838611602783203
1649437507.82427,2.38844788964507,0.002708911895751953
1649437507.8343823,2.3890729087191382,0.0028777122497558594
1649437507.8442101,2.390697958311716,0.002685070037841797
1649437507.8543634,2.3924480117191074,0.0028600692749023438
1649437507.864178,2.39457307657094,0.0026671886444091797
1649437507.8743649,2.3936980498672447,0.002862215042114258
1649437507.884191,2.3921980040894804,0.0026574134826660156
1649437507.8942163,2.3926980193487353,0.002717733383178711
1649437507.9042566,2.391197973570971,0.0027387142181396484
1649437507.9144597,2.3940730613116856,0.0029425621032714844
1649437507.9242609,2.393448042237617,0.0027391910552978516
1649437507.9344556,2.3944480727561266,0.002939462661743164
1649437507.9442708,2.3936980498672447,0.002747058868408203
1649437507.9544423,2.395073091830195,0.0029249191284179688
1649437507.964251,2.3936980498672447,0.002732992172241211
1649437507.974456,2.391447981200598,0.0029370784759521484
1649437507.9842486,2.391197973570971,0.0027260780334472656
1649437507.9944773,2.3920730002746664,0.002958536148071289
1649437508.0042498,2.394948088015381,0.002730846405029297
1649437508.01445,2.395948118533891,0.002938985824584961
1649437508.024251,2.396323129978332,0.002726316452026367
1649437508.0344608,2.3965731376079593,0.002936124801635742
1649437508.0442529,2.395198095645009,0.002729654312133789
1649437508.0544436,2.3913229773857845,0.002927541732788086
1649437508.0642507,2.3890729087191382,0.0027260780334472656
1649437508.07449,2.3794476149784844,0.0029768943786621094
1649437508.0842493,2.3774475539414657,0.002733469009399414
1649437508.0944726,2.37657252723777,0.0029621124267578125
1649437508.1042533,2.3758225043488874,0.0027353763580322266
1649437508.1144667,2.3795726187932984,0.002948284149169922
1649437508.124253,2.3854477980895417,0.002728700637817383
1649437508.134488,2.3883228858302563,0.0029740333557128906
1649437508.144259,2.3923230079042943,0.0027365684509277344
1649437508.1545017,2.3929480269783623,0.0029745101928710938
1649437508.1642497,2.392823023163549,0.0027234554290771484
1649437508.1744363,2.3880728782006284,0.0029249191284179688
1649437508.1842527,2.3786975920896025,0.002729654312133789
1649437508.194476,2.3751974852748194,0.002955913543701172
1649437508.204491,2.3726974089785458,0.0029485225677490234
1649437508.2145193,2.3798226264229254,0.0029654502868652344
1649437508.2244463,2.3834477370525224,0.0029299259185791016
1649437508.2342532,2.3869478438673055,0.0027382373809814453
1649437508.24446,2.3879478743858153,0.0029439926147460938
1649437508.254258,2.3913229773857845,0.0027391910552978516
1649437508.2644658,2.3924480117191074,0.0029425621032714844
1649437508.2742407,2.390322946867275,0.00272369384765625
1649437508.2844703,2.3813226722006897,0.0029489994049072266
1649437508.2944207,2.37419745475631,0.0029060840606689453
1649437508.3048384,2.3715723746452224,0.0033016204833984375
1649437508.315565,2.3746974700155645,0.004012584686279297
1649437508.3250482,2.3818226874599446,0.0034809112548828125
1649437508.3348532,2.3849477828302867,0.003296375274658203
1649437508.3454223,2.3900729392376476,0.0039081573486328125
1649437508.3553436,2.3933230384228037,0.003823995590209961
1649437508.3654351,2.394198065126499,0.003911495208740234
1649437508.3753965,2.394198065126499,0.0038776397705078125
1649437508.3848512,2.391197973570971,0.0033321380615234375
1649437508.395374,2.3803226416821803,0.0038557052612304688
1649437508.4048753,2.3755724967192604,0.003372669219970703
1649437508.4152339,2.3749474776451915,0.0037271976470947266
1649437508.4253435,2.376197515793329,0.0038368701934814453
1649437508.4352405,2.3830727256080815,0.003738880157470703
1649437508.4453197,2.3860728171636096,0.0038106441497802734
1649437508.4552264,2.3893229163487657,0.00372314453125
1649437508.4661274,2.3885728934598833,0.003831624984741211
1649437508.4752676,2.3916979888302254,0.0037658214569091797
1649437508.4851022,2.3926980193487353,0.003598451614379883
1649437508.4942775,2.393448042237617,0.002780437469482422
1649437508.5042605,2.390197943052461,0.002738475799560547
1649437508.5142345,2.3834477370525224,0.0027077198028564453
1649437508.5242488,2.378197576830348,0.0027244091033935547
1649437508.5342505,2.376197515793329,0.002721071243286133
1649437508.5442562,2.377572557756279,0.0027239322662353516
1649437508.5542576,2.3846977752006593,0.002736330032348633
1649437508.5648544,2.3890729087191382,0.0033359527587890625
1649437508.5749433,2.3920730002746664,0.0034155845642089844
1649437508.5848463,2.393448042237617,0.003325939178466797
1649437508.5949588,2.3964481337931454,0.003445148468017578
1649437508.6050372,2.3983231910153506,0.003505229949951172
1649437508.6150706,2.3964481337931454,0.0035424232482910156
1649437508.6250246,2.3940730613116856,0.0034918785095214844
1649437508.635085,2.39082296212653,0.0035581588745117188
1649437508.6447272,2.3841977599414044,0.003199338912963867
1649437508.6551049,2.3799476302377394,0.0035734176635742188
1649437508.6649895,2.376197515793329,0.0034580230712890625
1649437508.6751022,2.3743224585711236,0.003577709197998047
1649437508.6849854,2.3803226416821803,0.0034563541412353516
1649437508.695087,2.38269771416364,0.0035626888275146484
1649437508.7046707,2.382447706534013,0.0031709671020507812
1649437508.7147481,2.3836977446821495,0.003249645233154297
1649437508.724698,2.3854477980895417,0.003190279006958008
1649437508.734771,2.3874478591265604,0.003264904022216797
1649437508.7446823,2.389947935422834,0.003175973892211914
1649437508.7547555,2.3890729087191382,0.0032570362091064453
1649437508.7646873,2.390197943052461,0.0031824111938476562
1649437508.7748096,2.3898229316080206,0.003309488296508789
1649437508.78469,2.3918229926450394,0.003181934356689453
1649437508.7948532,2.390322946867275,0.003353118896484375
1649437508.8048286,2.39082296212653,0.0033121109008789062
1649437508.814886,2.3929480269783623,0.003374338150024414
1649437508.8248453,2.395198095645009,0.0033261775970458984
1649437508.8349068,2.3944480727561266,0.0033931732177734375
1649437508.8448563,2.3940730613116856,0.003339052200317383
1649437508.8548896,2.390322946867275,0.0033750534057617188
1649437508.864821,2.390447950682089,0.00330352783203125
1649437508.8749123,2.391947996459853,0.0033876895904541016
1649437508.884813,2.390447950682089,0.0033104419708251953
1649437508.895017,2.39082296212653,0.003506898880004883
1649437508.9048283,2.393448042237617,0.0033233165740966797
1649437508.9441297,2.393448042237617,0.03263378143310547
1649437508.9479625,2.390947965941343,0.003173828125
1649437508.9511652,2.3891979125339518,0.0027196407318115234
1649437508.954464,2.3900729392376476,0.002764463424682617
1649437508.9578598,2.3913229773857845,0.0027701854705810547
1649437508.9641328,2.3891979125339518,0.002625703811645508
1649437508.9748354,2.3929480269783623,0.003322601318359375
1649437508.9848135,2.3923230079042943,0.0033080577850341797
1649437508.9948065,2.3931980346079897,0.0033111572265625
1649437509.0044577,2.395448103274636,0.0029921531677246094
1649437509.0144684,2.3970731528672142,0.003002643585205078
1649437509.0244465,2.3933230384228037,0.0029821395874023438
1649437509.0344603,2.3839477523117774,0.0029931068420410156
1649437509.0444503,2.3748224738303785,0.0029897689819335938
1649437509.0544631,2.3703223364970856,0.002993345260620117
1649437509.064521,2.374072450941496,0.0030541419982910156
1649437509.0739696,2.380447645496994,0.0025014877319335938
1649437509.0844805,2.386697836237678,0.003008127212524414
1649437509.09451,2.3900729392376476,0.0030333995819091797
1649437509.1039367,2.3898229316080206,0.0024657249450683594
1649437509.1145036,2.3869478438673055,0.0030279159545898438
1649437509.1239443,2.3766975310525837,0.0024738311767578125
1649437509.1348994,2.3684472792748803,0.003055572509765625
1649437509.1445487,2.3706973479415265,0.0027132034301757812
1649437509.1548872,2.3671972411267435,0.0030312538146972656
1649437509.164895,2.369322305978576,0.0030584335327148438
1649437509.1748946,2.365572191534165,0.003047466278076172
1649437509.1848798,2.3715723746452224,0.003048419952392578
1649437509.1950536,2.3745724662007506,0.0031876564025878906
1649437509.2078846,2.369572313608203,0.003225564956665039
1649437509.2153866,2.369822321237831,0.0032396316528320312
1649437509.225348,2.3668222296823025,0.00307464599609375
1649437509.234883,2.366572222052675,0.0030488967895507812
1649437509.2448812,2.363947141941588,0.0030562877655029297
1649437509.2548804,2.363947141941588,0.0030481815338134766
1649437509.2649403,2.365572191534165,0.0029850006103515625
1649437509.274882,2.3648221686452833,0.003055572509765625
1649437509.284873,2.3664472182378615,0.0030481815338134766
1649437509.2948709,2.36607220679342,0.003047943115234375
1649437509.30487,2.370072328867458,0.0030519962310791016
1649437509.3148677,2.367947264015626,0.003053903579711914
1649437509.3248656,2.367322244941557,0.003054380416870117
1649437509.3348076,2.3659472029786066,0.003331899642944336
1649437509.3447857,2.3659472029786066,0.0033173561096191406
1649437509.354836,2.3666972258674885,0.0033597946166992188
1649437509.3644834,2.367822260200812,0.0030107498168945312
1649437509.3748035,2.369322305978576,0.0033283233642578125
1649437509.3848,2.3715723746452224,0.0033266544342041016
1649437509.3947952,2.3706973479415265,0.003326416015625
1649437509.4047859,2.371322367015595,0.0033206939697265625
1649437509.4147956,2.3711973632007814,0.0033211708068847656
1649437509.4247851,2.3705723441267126,0.003317594528198242
1649437509.4348135,2.3709473555711535,0.003339052200317383
1649437509.4448612,2.368072267830439,0.003391742706298828
1649437509.4549203,2.368947294534135,0.003446817398071289
1649437509.4648857,2.3703223364970856,0.0033783912658691406
1649437509.4748535,2.3671972411267435,0.0033767223358154297
1649437509.4848714,2.368072267830439,0.003402233123779297
1649437509.494829,2.3649471724600972,0.0033583641052246094
1649437509.5048616,2.3666972258674885,0.0033910274505615234
1649437509.514842,2.364322153386029,0.0033721923828125
1649437509.524871,2.3666972258674885,0.0034034252166748047
1649437509.5348542,2.3675722525711844,0.0033795833587646484
1649437509.5448675,2.3691973021637622,0.0034008026123046875
1649437509.5548475,2.368572283089694,0.003377199172973633
1649437509.5648613,2.372447401348918,0.0033926963806152344
1649437509.5748544,2.3719473860896634,0.0033788681030273438
1649437509.584866,2.3684472792748803,0.0033981800079345703
1649437509.5948586,2.365697195348979,0.003384828567504883
1649437509.6048787,2.3684472792748803,0.0034093856811523438
1649437509.6148405,2.3711973632007814,0.003366708755493164
1649437509.624876,2.3726974089785458,0.0034041404724121094
1649437509.6348512,2.373947447126682,0.0033757686614990234
1649437509.6445298,2.3750724814600055,0.003064870834350586
1649437509.6545484,2.3729474166081728,0.003080129623413086
1649437509.6645348,2.367947264015626,0.0030663013458251953
1649437509.674562,2.365822199163793,0.003075122833251953
1649437509.684605,2.362197088534196,0.0031201839447021484
1649437509.694553,2.3583219702749716,0.0030798912048339844
1649437509.7048185,2.357821955015717,0.003306865692138672
1649437509.7143254,2.3580719626453446,0.0028045177459716797
1649437509.724415,2.3608220465712453,0.0028655529022216797
1649437509.734346,2.363947141941588,0.0028023719787597656
1649437509.7447343,2.3645721610156563,0.0028228759765625
1649437509.7547376,2.3666972258674885,0.0028276443481445312
1649437509.7647123,2.368322275460067,0.0027976036071777344
1649437509.774727,2.3668222296823025,0.002819538116455078
1649437509.7847285,2.3719473860896634,0.0028209686279296875
1649437509.7954373,2.374072450941496,0.0035257339477539062
1649437509.8052998,2.373322428052614,0.003404378890991211
1649437509.815184,2.372572405163732,0.003134489059448242
1649437509.825186,2.370447340311899,0.003131389617919922
1649437509.83519,2.367447248756371,0.00313568115234375
1649437509.845191,2.3659472029786066,0.003132343292236328
1649437509.8551917,2.365322183904538,0.0031270980834960938
1649437509.8651922,2.3648221686452833,0.0031218528747558594
1649437509.8752098,2.365447187719352,0.0031409263610839844
1649437509.8851912,2.370197332682272,0.003130674362182617
1649437509.895852,2.372322397534105,0.003794431686401367
1649437509.905363,2.372572405163732,0.003204822540283203
1649437509.915037,2.372072389904477,0.0032455921173095703
1649437509.9250433,2.369822321237831,0.0032491683959960938
1649437509.9351044,2.368322275460067,0.003270387649536133
1649437509.9446073,2.368197271645253,0.002806425094604492
1649437509.9541926,2.3708223517563405,0.002692699432373047
1649437509.9641464,2.37182238227485,0.0026464462280273438
1649437509.9742193,2.3759475081637014,0.002723217010498047
1649437509.9841406,2.375697500534074,0.002643108367919922
1649437509.9941752,2.378072573015534,0.0026793479919433594
1649437510.004254,2.3766975310525837,0.002759218215942383
1649437510.0143096,2.3748224738303785,0.002804994583129883
1649437510.0242617,2.373322428052614,0.002753734588623047
1649437510.0343013,2.372447401348918,0.0027992725372314453
1649437510.0443838,2.370072328867458,0.0028810501098632812
1649437510.0541806,2.3688222907193213,0.0026764869689941406
1649437510.0641816,2.3691973021637622,0.002680540084838867
1649437510.074423,2.368572283089694,0.002924203872680664
1649437510.0843174,2.370197332682272,0.002814054489135742
1649437510.0942228,2.372197393719291,0.002711057662963867
1649437510.1043587,2.372447401348918,0.0028259754180908203
1649437510.1148925,2.3754474929044465,0.003390789031982422
1649437510.1248944,2.3774475539414657,0.003389596939086914
1649437510.134898,2.372447401348918,0.003394603729248047
1649437510.144892,2.3613220618305,0.003385782241821289
1649437510.154932,2.355821893978698,0.003423452377319336
1649437510.164903,2.3521967833491013,0.003391742706298828
1649437510.1753235,2.3524467909787283,0.003415822982788086
1649437510.1848752,2.355321878719443,0.0033631324768066406
1649437510.1948905,2.3605720389416183,0.003380298614501953
1649437510.2049832,2.363322122867519,0.003442525863647461
1649437510.214776,2.370447340311899,0.003261566162109375
1649437510.2247598,2.3745724662007506,0.003250598907470703
1649437510.2347445,2.377572557756279,0.003249645233154297
1649437510.2447522,2.379697622608112,0.003258228302001953
1649437510.2547228,2.3835727408673364,0.0032160282135009766
1649437510.2647567,2.3924480117191074,0.003255605697631836
1649437510.2747605,2.395448103274636,0.003246784210205078
1649437510.2847438,2.4001982482375563,0.0032355785369873047
1649437510.2947514,2.3961981261635183,0.003253459930419922
1649437510.3047874,2.3983231910153506,0.0032749176025390625
1649437510.314436,2.403948362681967,0.0029075145721435547
1649437510.3248386,2.4155737174596394,0.0027353763580322266
1649437510.3343623,2.4191988280892365,0.0028543472290039062
1649437510.3441904,2.4241989806817834,0.0026841163635253906
1649437510.3543494,2.422073915829951,0.0028464794158935547
1649437510.3642156,2.430324167607654,0.002701997756958008
1649437510.3743765,2.435074312570574,0.0028734207153320312
1649437510.3841932,2.4379494003112887,0.0026929378509521484
1649437510.394372,2.4380744041261027,0.002872943878173828
1649437510.4041781,2.442574541459395,0.002676725387573242
1649437510.4142232,2.44307455671865,0.00269317626953125
1649437510.424564,2.4460746482741786,0.0028977394104003906
1649437510.4342585,2.456074953459273,0.0027425289154052734
1649437510.4442325,2.4665752739036226,0.002713918685913086
1649437510.4542136,2.4819507431257057,0.0027060508728027344
1649437510.4642143,2.4930760826441234,0.002715587615966797
