pi_time,voltage,test_duration
1648488932.25132,2.513201696829127,0.002710580825805664
1648488932.2616098,2.5134517044587543,0.0029625892639160156
1648488932.2716694,2.514576738792077,0.003069639205932617
1648488932.2819083,2.513326700643941,0.003294229507446289
1648488932.2918448,2.513076693014313,0.003228902816772461
1648488932.301313,2.5120766624958035,0.002708911895751953
1648488932.3117497,2.5122016663106175,0.003148317337036133
1648488932.3214822,2.5125766777550584,0.002885580062866211
1648488932.3315084,2.512451673940245,0.002910614013671875
1648488932.341443,2.5140767235328227,0.0028581619262695312
1648488932.351226,2.5142017273476363,0.0026159286499023438
1648488932.3615203,2.5122016663106175,0.0029184818267822266
1648488932.3713996,2.5140767235328227,0.0028162002563476562
1648488932.3814063,2.513076693014313,0.002818584442138672
1648488932.3914154,2.51195165868099,0.002826690673828125
1648488932.4014506,2.512826685384686,0.0028650760650634766
1648488932.411427,2.5129516891995,0.0028388500213623047
1648488932.4213998,2.511076631977294,0.0028123855590820312
1648488932.431396,2.513326700643941,0.002808809280395508
1648488932.4413915,2.5138267159031953,0.002805948257446289
1648488932.451384,2.5115766472365486,0.00279998779296875
1648488932.4614446,2.5140767235328227,0.002856731414794922
1648488932.4714158,2.510451612903226,0.002832651138305664
1648488932.481397,2.510076601458785,0.0028111934661865234
1648488932.491386,2.5122016663106175,0.002803325653076172
1648488932.5013855,2.513076693014313,0.0028007030487060547
1648488932.511382,2.5109516281624806,0.002798795700073242
1648488932.5213854,2.511076631977294,0.0028009414672851562
1648488932.5313861,2.5120766624958035,0.002802610397338867
1648488932.5413985,2.5138267159031953,0.0028150081634521484
1648488932.55154,2.5105766167180397,0.0029535293579101562
1648488932.5616314,2.5139517197180092,0.0030465126037597656
1648488932.5714676,2.512826685384686,0.0028772354125976562
1648488932.5814,2.5139517197180092,0.0028159618377685547
1648488932.5913932,2.51432673116245,0.0028076171875
1648488932.6014278,2.513576708273568,0.002838134765625
1648488932.6113977,2.515076754051332,0.002810239791870117
1648488932.6213937,2.514701742606891,0.0028066635131835938
1648488932.6313891,2.5155767693105866,0.0028030872344970703
1648488932.6413867,2.5149517502365186,0.002801656723022461
1648488932.6513846,2.5169518112735374,0.002801179885864258
1648488932.6613832,2.523327005829035,0.0027997493743896484
1648488932.6713843,2.5288271736808374,0.0027992725372314453
1648488932.6813834,2.527452131717887,0.0027980804443359375
1648488932.6913784,2.514826746421705,0.002794981002807617
1648488932.7013805,2.5198268990142525,0.002797842025756836
1648488932.711385,2.526577105014191,0.002801179885864258
1648488932.7213814,2.5152017578661456,0.0027992725372314453
1648488932.731381,2.522951994384594,0.0027997493743896484
1648488932.7413802,2.52145194860683,0.002795696258544922
1648488932.751381,2.5257020783104958,0.0027968883514404297
1648488932.7613835,2.525827082125309,0.0027997493743896484
1648488932.771387,2.517201818903165,0.002803325653076172
1648488932.781384,2.5184518570513017,0.0028014183044433594
1648488932.791392,2.518701864680929,0.002808809280395508
1648488932.8014235,2.520326914273507,0.002835988998413086
1648488932.8113968,2.5195768913846246,0.002809286117553711
1648488932.8213882,2.5202019104586935,0.002802610397338867
1648488932.8313854,2.521076937162389,0.0027997493743896484
1648488932.8414042,2.5195768913846246,0.0028200149536132812
1648488932.8514013,2.5204519180883205,0.0028181076049804688
1648488932.861383,2.5223269753105257,0.00279998779296875
1648488932.8713942,2.5222019714957122,0.0028111934661865234
1648488932.8813984,2.5182018494216742,0.002813100814819336
1648488932.8914104,2.5205769219031344,0.0028276443481445312
1648488932.9013913,2.5213269447920164,0.0028066635131835938
1648488932.9113846,2.521951963866085,0.002801179885864258
1648488932.9213812,2.5204519180883205,0.0027992725372314453
1648488932.9313772,2.5223269753105257,0.0027942657470703125
1648488932.9418051,2.5209519333475754,0.003165721893310547
1648488932.9513116,2.521201940977203,0.0026941299438476562
1648488932.9612842,2.5213269447920164,0.0026683807373046875
1648488932.9712853,2.520826929532762,0.0026717185974121094
1648488932.9812756,2.520326914273507,0.002660989761352539
1648488932.991314,2.5204519180883205,0.0027039051055908203
1648488933.0013692,2.52145194860683,0.0027539730072021484
1648488933.011355,2.521076937162389,0.0027456283569335938
1648488933.0213318,2.521076937162389,0.0027222633361816406
1648488933.0312972,2.521826960051271,0.002687215805053711
1648488933.041395,2.5199519028290656,0.002662181854248047
1648488933.0518422,2.522951994384594,0.0032432079315185547
1648488933.0618308,2.52382702108829,0.0032279491424560547
1648488933.0718467,2.5220769676808987,0.0032176971435546875
1648488933.0817068,2.517076815088351,0.0030498504638671875
1648488933.091367,2.521076937162389,0.0027570724487304688
1648488933.1014185,2.5232020020142216,0.0027582645416259766
1648488933.1115687,2.521951963866085,0.0029516220092773438
1648488933.121316,2.521576952421644,0.0026879310607910156
1648488933.13187,2.5195768913846246,0.003268003463745117
1648488933.1412258,2.521201940977203,0.0026259422302246094
1648488933.1518526,2.5220769676808987,0.003252744674682617
1648488933.1618378,2.5157017731254006,0.003238677978515625
1648488933.1718395,2.5178268379772333,0.003237009048461914
1648488933.1818485,2.5157017731254006,0.0032417774200439453
1648488933.191848,2.5140767235328227,0.0032491683959960938
1648488933.2018776,2.514451734977264,0.0032711029052734375
1648488933.2118442,2.512451673940245,0.0032455921173095703
1648488933.2218394,2.513201696829127,0.003242969512939453
1648488933.2318337,2.51195165868099,0.0032358169555664062
1648488933.241214,2.513076693014313,0.0026111602783203125
1648488933.25183,2.512701681569872,0.003226041793823242
1648488933.2618256,2.512826685384686,0.003222942352294922
1648488933.2718353,2.514826746421705,0.0032339096069335938
1648488933.2818246,2.5122016663106175,0.003222942352294922
1648488933.2918284,2.512451673940245,0.0032248497009277344
1648488933.3018398,2.5114516434217355,0.003239154815673828
1648488933.3118436,2.508576555681021,0.0032396316528320312
1648488933.3218265,2.500576311532945,0.003225088119506836
1648488933.331354,2.5142017273476363,0.002752065658569336
1648488933.3419023,2.5139517197180092,0.0032982826232910156
1648488933.3518538,2.512826685384686,0.0032470226287841797
1648488933.3618488,2.508076540421766,0.0032439231872558594
1648488933.3718407,2.4978262276070438,0.0032379627227783203
1648488933.3812308,2.5054514603106783,0.0026221275329589844
1648488933.3918521,2.513326700643941,0.0032448768615722656
1648488933.4012372,2.513326700643941,0.0026292800903320312
1648488933.4118466,2.5134517044587543,0.0032455921173095703
1648488933.4218416,2.518951872310556,0.003240823745727539
1648488933.431837,2.52145194860683,0.0032367706298828125
1648488933.441867,2.522951994384594,0.0032625198364257812
1648488933.4518445,2.5169518112735374,0.0032401084899902344
1648488933.4618437,2.512701681569872,0.0032401084899902344
1648488933.4718316,2.512451673940245,0.0032286643981933594
1648488933.4818318,2.510701620532853,0.0032281875610351562
1648488933.4918187,2.513076693014313,0.0032155513763427734
1648488933.5018337,2.51195165868099,0.0032362937927246094
1648488933.5118384,2.5115766472365486,0.0032389163970947266
1648488933.5218763,2.509201574755089,0.0032715797424316406
1648488933.531848,2.5007013153477584,0.003242969512939453
1648488933.5418642,2.5074515213476976,0.0032601356506347656
1648488933.5518537,2.51432673116245,0.0032427310943603516
1648488933.561838,2.513201696829127,0.0032320022583007812
1648488933.5712874,2.515076754051332,0.0026657581329345703
1648488933.5823886,2.5264521011993777,0.0037872791290283203
1648488933.5918558,2.516826807458724,0.003255605697631836
1648488933.6018822,2.517076815088351,0.0032739639282226562
1648488933.6118388,2.515076754051332,0.003239870071411133
1648488933.6218355,2.514701742606891,0.0032358169555664062
1648488933.631863,2.5159517807550276,0.0032608509063720703
1648488933.6418395,2.5155767693105866,0.00323486328125
1648488933.651745,2.5155767693105866,0.0031473636627197266
1648488933.661739,2.516326792199469,0.003143787384033203
1648488933.6717641,2.514451734977264,0.003153562545776367
1648488933.6818857,2.5134517044587543,0.0032498836517333984
1648488933.6913218,2.5169518112735374,0.0027000904083251953
1648488933.7017574,2.5259520859401228,0.0031583309173583984
1648488933.7117693,2.5307022309030427,0.0031585693359375
1648488933.7217467,2.514451734977264,0.0031523704528808594
1648488933.7317784,2.5159517807550276,0.00316619873046875
1648488933.741956,2.519451887569811,0.0033605098724365234
1648488933.7518327,2.5140767235328227,0.003228902816772461
1648488933.761832,2.5152017578661456,0.0032351016998291016
1648488933.7718241,2.521951963866085,0.0032215118408203125
1648488933.7818387,2.5142017273476363,0.00324249267578125
1648488933.791825,2.5134517044587543,0.0032241344451904297
1648488933.8012621,2.5283271584215825,0.002645254135131836
1648488933.811859,2.512826685384686,0.0032570362091064453
1648488933.8218322,2.51432673116245,0.0032320022583007812
1648488933.8318274,2.5204519180883205,0.003229379653930664
1648488933.8418357,2.512701681569872,0.0032317638397216797
1648488933.8512905,2.5264521011993777,0.0026590824127197266
1648488933.8617232,2.514826746421705,0.002935647964477539
1648488933.8715339,2.514451734977264,0.002905607223510742
1648488933.8816833,2.5095765861995303,0.002685070037841797
1648488933.8914332,2.512826685384686,0.002791881561279297
1648488933.901874,2.511201635792108,0.003270864486694336
1648488933.9118555,2.5160767845698415,0.0032548904418945312
1648488933.9218447,2.513701712088382,0.003238677978515625
1648488933.9318624,2.515076754051332,0.003259897232055664
1648488933.9418464,2.5139517197180092,0.003244161605834961
1648488933.9517581,2.5142017273476363,0.0031578540802001953
1648488933.961772,2.5154517654957735,0.003161907196044922
1648488933.9717376,2.5204519180883205,0.0031423568725585938
1648488933.981755,2.513076693014313,0.003147125244140625
1648488933.9917681,2.513201696829127,0.0031604766845703125
1648488934.0017707,2.514576738792077,0.003173351287841797
1648488934.0117676,2.514826746421705,0.003156900405883789
1648488934.0217562,2.5134517044587543,0.003147125244140625
1648488934.0317507,2.5129516891995,0.0031440258026123047
1648488934.041733,2.5125766777550584,0.003139972686767578
1648488934.0518377,2.5118266548661765,0.003242015838623047
1648488934.0618384,2.5073265175328836,0.003234386444091797
1648488934.0718265,2.5120766624958035,0.003226041793823242
1648488934.082407,2.5090765709402754,0.0038073062896728516
1648488934.0918398,2.513701712088382,0.0032393932342529297
1648488934.1018243,2.5117016510513626,0.00322723388671875
1648488934.1113613,2.512701681569872,0.0027539730072021484
1648488934.1218514,2.527327127903073,0.0032494068145751953
1648488934.1318383,2.514451734977264,0.0032339096069335938
1648488934.1418304,2.514701742606891,0.0032279491424560547
1648488934.1518288,2.518576860866115,0.003227710723876953
1648488934.1618352,2.517576830347606,0.0032312870025634766
1648488934.1718254,2.517076815088351,0.003223896026611328
1648488934.1818266,2.517201818903165,0.003225088119506836
1648488934.191827,2.518576860866115,0.0032269954681396484
1648488934.2018707,2.5158267769402145,0.003267526626586914
1648488934.2118423,2.513201696829127,0.0032439231872558594
1648488934.221822,2.5154517654957735,0.003226041793823242
1648488934.2318647,2.5178268379772333,0.0032622814178466797
1648488934.241838,2.516326792199469,0.0032346248626708984
1648488934.251824,2.5125766777550584,0.0032210350036621094
1648488934.2618265,2.511076631977294,0.0032241344451904297
1648488934.2718236,2.5120766624958035,0.0032215118408203125
1648488934.2818265,2.5114516434217355,0.0032241344451904297
1648488934.291827,2.511201635792108,0.0032248497009277344
1648488934.3018284,2.5118266548661765,0.0032253265380859375
1648488934.3118353,2.512451673940245,0.003232717514038086
1648488934.3218253,2.513201696829127,0.0032243728637695312
1648488934.3318455,2.5139517197180092,0.003240823745727539
1648488934.3418343,2.513326700643941,0.0032308101654052734
1648488934.3518267,2.5125766777550584,0.0032248497009277344
1648488934.3618252,2.5113266396069216,0.003223419189453125
1648488934.371827,2.512451673940245,0.0032248497009277344
1648488934.3818197,2.512701681569872,0.0032188892364501953
1648488934.391826,2.513076693014313,0.0032236576080322266
1648488934.401873,2.5129516891995,0.003268718719482422
1648488934.411843,2.513326700643941,0.0032434463500976562
1648488934.4218228,2.5125766777550584,0.003225564956665039
1648488934.4318218,2.5140767235328227,0.003225564956665039
1648488934.4418275,2.5134517044587543,0.0032258033752441406
1648488934.451828,2.513701712088382,0.003226757049560547
1648488934.4618225,2.51432673116245,0.003220796585083008
1648488934.4718206,2.513326700643941,0.0032193660736083984
1648488934.4818156,2.513201696829127,0.0032148361206054688
1648488934.49182,2.513076693014313,0.003219127655029297
1648488934.5018227,2.512826685384686,0.003220796585083008
1648488934.5118124,2.5120766624958035,0.003210306167602539
1648488934.5218234,2.5139517197180092,0.0032286643981933594
1648488934.5318577,2.512701681569872,0.0032567977905273438
1648488934.5418417,2.5134517044587543,0.003237485885620117
1648488934.5518317,2.512326670125431,0.0032334327697753906
1648488934.5618267,2.5129516891995,0.003225564956665039
1648488934.573073,2.513576708273568,0.004454135894775391
1648488934.5818713,2.513076693014313,0.003267049789428711
1648488934.5912275,2.5142017273476363,0.0026166439056396484
1648488934.601233,2.514451734977264,0.002626657485961914
1648488934.6118445,2.51432673116245,0.003246307373046875
1648488934.6218293,2.513201696829127,0.003232717514038086
1648488934.6318202,2.51195165868099,0.003223896026611328
1648488934.6412895,2.5113266396069216,0.002664327621459961
1648488934.6519825,2.5134517044587543,0.0033538341522216797
1648488934.6613026,2.5129516891995,0.0026814937591552734
1648488934.6713982,2.512326670125431,0.0027680397033691406
1648488934.6814032,2.513076693014313,0.002779245376586914
1648488934.691402,2.5117016510513626,0.0027778148651123047
1648488934.7018697,2.5134517044587543,0.0032677650451660156
1648488934.7118673,2.5138267159031953,0.003251791000366211
1648488934.7218368,2.513201696829127,0.003238677978515625
1648488934.7318382,2.513201696829127,0.003241300582885742
1648488934.7418547,2.513701712088382,0.0032498836517333984
1648488934.7519317,2.5134517044587543,0.003215789794921875
1648488934.761765,2.5154517654957735,0.003155946731567383
1648488934.7717407,2.5138267159031953,0.003145456314086914
1648488934.7817535,2.5244520401623585,0.0031461715698242188
1648488934.791727,2.5300772118289747,0.0031342506408691406
1648488934.8018043,2.517451826532792,0.003189563751220703
1648488934.8117683,2.5142017273476363,0.003157377243041992
1648488934.8217568,2.5142017273476363,0.0031495094299316406
1648488934.8317502,2.5140767235328227,0.003144502639770508
1648488934.841738,2.513576708273568,0.003144979476928711
1648488934.8512177,2.512701681569872,0.0026226043701171875
1648488934.8618584,2.515076754051332,0.0032553672790527344
1648488934.8718402,2.5142017273476363,0.0032367706298828125
1648488934.8818731,2.5142017273476363,0.0032651424407958984
1648488934.891839,2.5138267159031953,0.003240346908569336
1648488934.901956,2.5138267159031953,0.0033566951751708984
1648488934.9112253,2.5155767693105866,0.002621889114379883
1648488934.9218414,2.5157017731254006,0.003243684768676758
1648488934.9318168,2.513201696829127,0.0032143592834472656
1648488934.9418106,2.5138267159031953,0.0032091140747070312
1648488934.951193,2.5118266548661765,0.002595186233520508
1648488934.9618175,2.513076693014313,0.0032150745391845703
1648488934.9718156,2.5142017273476363,0.003214597702026367
1648488934.9818058,2.512826685384686,0.003204345703125
1648488934.991805,2.513576708273568,0.0032041072845458984
1648488935.0018642,2.513326700643941,0.003259897232055664
1648488935.0118513,2.513201696829127,0.0032498836517333984
1648488935.0218039,2.514826746421705,0.0032062530517578125
1648488935.0318358,2.5154517654957735,0.0032372474670410156
1648488935.0418303,2.514576738792077,0.0032265186309814453
1648488935.0518444,2.514826746421705,0.0032472610473632812
1648488935.0612812,2.5149517502365186,0.0026526451110839844
1648488935.0713837,2.5157017731254006,0.0027556419372558594
1648488935.0818477,2.5154517654957735,0.0032377243041992188
1648488935.0917304,2.5139517197180092,0.003135204315185547
1648488935.1018467,2.513701712088382,0.003244638442993164
1648488935.111824,2.512326670125431,0.003224611282348633
1648488935.1218174,2.51432673116245,0.003214120864868164
1648488935.1318421,2.513701712088382,0.0032341480255126953
1648488935.1418128,2.5122016663106175,0.003216981887817383
1648488935.1518471,2.5098265938291573,0.003244638442993164
1648488935.161813,2.5125766777550584,0.0032176971435546875
1648488935.1718223,2.50720151371807,0.0032198429107666016
1648488935.1818082,2.5134517044587543,0.003206491470336914
1648488935.191817,2.5138267159031953,0.0032143592834472656
1648488935.2018688,2.5264521011993777,0.003263235092163086
1648488935.2118278,2.5209519333475754,0.0032269954681396484
1648488935.2218244,2.5285771660512104,0.003225088119506836
1648488935.23181,2.5285771660512104,0.003213644027709961
1648488935.2418146,2.5193268837549976,0.0032126903533935547
1648488935.2518353,2.5195768913846246,0.003232717514038086
1648488935.261816,2.5134517044587543,0.003213644027709961
1648488935.271803,2.513576708273568,0.0032074451446533203
1648488935.2818084,2.5142017273476363,0.003210306167602539
1648488935.2918105,2.5149517502365186,0.003213167190551758
1648488935.3018103,2.505701467940306,0.0032129287719726562
1648488935.311814,2.5140767235328227,0.0032126903533935547
1648488935.3213482,2.5098265938291573,0.002730131149291992
1648488935.3318572,2.5114516434217355,0.003252744674682617
1648488935.3418214,2.5149517502365186,0.0032165050506591797
1648488935.3518128,2.515076754051332,0.003210783004760742
1648488935.3618128,2.5140767235328227,0.003211498260498047
1648488935.371816,2.5134517044587543,0.003214597702026367
1648488935.38186,2.512826685384686,0.0032520294189453125
1648488935.3918223,2.51195165868099,0.003217935562133789
1648488935.4018655,2.5129516891995,0.003260374069213867
1648488935.411821,2.512701681569872,0.003222227096557617
1648488935.4218097,2.512451673940245,0.0032138824462890625
1648488935.4312706,2.5140767235328227,0.0026526451110839844
1648488935.4414952,2.5125766777550584,0.0028536319732666016
1648488935.4514682,2.5158267769402145,0.0028488636016845703
1648488935.4612987,2.513576708273568,0.002667665481567383
1648488935.471387,2.513701712088382,0.0027658939361572266
1648488935.4812918,2.5158267769402145,0.002663135528564453
1648488935.4918313,2.515076754051332,0.003232717514038086
1648488935.501831,2.515076754051332,0.003226041793823242
1648488935.511814,2.5287021698660235,0.003219127655029297
1648488935.5218318,2.521076937162389,0.0032329559326171875
1648488935.5318336,2.5192018799401836,0.0032300949096679688
1648488935.541815,2.5260770897549367,0.003220081329345703
1648488935.5518138,2.5149517502365186,0.003210783004760742
1648488935.5618145,2.5138267159031953,0.0032203197479248047
1648488935.5712621,2.514576738792077,0.0026459693908691406
1648488935.581832,2.5152017578661456,0.003231048583984375
1648488935.5924017,2.514451734977264,0.0038013458251953125
1648488935.601863,2.5158267769402145,0.0032579898834228516
1648488935.6118286,2.5292021851252784,0.0032303333282470703
1648488935.6218104,2.517201818903165,0.0032134056091308594
1648488935.631808,2.5292021851252784,0.0032129287719726562
1648488935.6418197,2.513326700643941,0.0032203197479248047
1648488935.651809,2.514451734977264,0.0032117366790771484
1648488935.6618178,2.514701742606891,0.0032134056091308594
1648488935.671814,2.51432673116245,0.00321197509765625
1648488935.6818004,2.5155767693105866,0.003206014633178711
1648488935.691349,2.518576860866115,0.0027513504028320312
1648488935.7018363,2.531202246162297,0.0032351016998291016
1648488935.711824,2.5300772118289747,0.003221273422241211
1648488935.7218149,2.514451734977264,0.00321197509765625
1648488935.731822,2.5142017273476363,0.0032193660736083984
1648488935.7418177,2.514576738792077,0.0032155513763427734
1648488935.7518172,2.513576708273568,0.0032224655151367188
1648488935.761814,2.513701712088382,0.0032126903533935547
1648488935.771813,2.514701742606891,0.0032112598419189453
1648488935.781807,2.513576708273568,0.0032050609588623047
1648488935.7918024,2.5140767235328227,0.0032024383544921875
1648488935.8018644,2.514701742606891,0.0032596588134765625
1648488935.811827,2.5154517654957735,0.003228425979614258
1648488935.8218155,2.5158267769402145,0.0032205581665039062
1648488935.8318098,2.51432673116245,0.0032143592834472656
1648488935.8418076,2.5140767235328227,0.003211498260498047
1648488935.8518028,2.512826685384686,0.0032074451446533203
1648488935.8618047,2.5052014526810513,0.0032024383544921875
1648488935.871843,2.5139517197180092,0.0032362937927246094
1648488935.8818176,2.51195165868099,0.0032155513763427734
1648488935.8918245,2.514451734977264,0.003221273422241211
1648488935.9018266,2.5139517197180092,0.003223419189453125
1648488935.9118106,2.513326700643941,0.0032095909118652344
1648488935.9218125,2.527702139347514,0.0032112598419189453
1648488935.9318092,2.5192018799401836,0.0032083988189697266
1648488935.9418125,2.5122016663106175,0.0032126903533935547
1648488935.9518137,2.5138267159031953,0.0032134056091308594
1648488935.961833,2.51195165868099,0.0032072067260742188
1648488935.971804,2.5120766624958035,0.003204345703125
1648488935.981803,2.5138267159031953,0.0032029151916503906
1648488935.9918017,2.5138267159031953,0.0032088756561279297
1648488936.0018563,2.5178268379772333,0.0032532215118408203
1648488936.0118191,2.5158267769402145,0.0032215118408203125
1648488936.0218225,2.5162017883846555,0.0032248497009277344
1648488936.0318036,2.521576952421644,0.003208637237548828
1648488936.0418026,2.5169518112735374,0.003207683563232422
1648488936.0518055,2.5152017578661456,0.003209829330444336
1648488936.0618157,2.517576830347606,0.003219127655029297
1648488936.0718083,2.5158267769402145,0.003213644027709961
1648488936.0817542,2.517951841792047,0.0031528472900390625
1648488936.0918171,2.525202063051241,0.003214120864868164
1648488936.1018047,2.523452009643849,0.0032041072845458984
1648488936.1117961,2.5142017273476363,0.003197193145751953
1648488936.1217992,2.527202124088259,0.003199338912963867
1648488936.1317978,2.5178268379772333,0.0031981468200683594
1648488936.1417997,2.5152017578661456,0.0032002925872802734
1648488936.1518004,2.513701712088382,0.003198862075805664
1648488936.1618338,2.5193268837549976,0.0032346248626708984
1648488936.171852,2.513701712088382,0.003239870071411133
1648488936.181828,2.513701712088382,0.003226041793823242
1648488936.1918104,2.5152017578661456,0.003209829330444336
1648488936.2018511,2.5153267616809596,0.0032503604888916016
1648488936.2118192,2.5134517044587543,0.0032215118408203125
1648488936.2212708,2.514451734977264,0.002653360366821289
1648488936.2315593,2.5204519180883205,0.002930164337158203
1648488936.2412395,2.522951994384594,0.0026273727416992188
1648488936.2513468,2.527327127903073,0.0027222633361816406
1648488936.2613773,2.5142017273476363,0.0027153491973876953
1648488936.2718616,2.5140767235328227,0.003237485885620117
1648488936.28184,2.5154517654957735,0.003225564956665039
1648488936.29175,2.5140767235328227,0.003151416778564453
1648488936.301737,2.5307022309030427,0.0031309127807617188
1648488936.3117528,2.5200769066438795,0.003144979476928711
1648488936.3217473,2.5202019104586935,0.0031409263610839844
1648488936.331769,2.5198268990142525,0.003172636032104492
1648488936.3417485,2.514451734977264,0.0031511783599853516
1648488936.3517423,2.514826746421705,0.00313568115234375
1648488936.3618338,2.5140767235328227,0.003240346908569336
1648488936.371816,2.513326700643941,0.0032219886779785156
1648488936.3818161,2.513326700643941,0.003214120864868164
1648488936.3918514,2.5125766777550584,0.003245115280151367
1648488936.40186,2.5139517197180092,0.003256559371948242
1648488936.4118333,2.5120766624958035,0.003232717514038086
1648488936.4218175,2.513076693014313,0.0032203197479248047
1648488936.4318087,2.513701712088382,0.003212451934814453
1648488936.4412725,2.518951872310556,0.002652406692504883
1648488936.4514222,2.5157017731254006,0.002788543701171875
1648488936.4618983,2.513076693014313,0.0032885074615478516
1648488936.471819,2.512701681569872,0.0032224655151367188
1648488936.4818196,2.513201696829127,0.0032210350036621094
1648488936.4918084,2.5115766472365486,0.003214597702026367
1648488936.5017984,2.512326670125431,0.003203868865966797
1648488936.5118256,2.5182018494216742,0.0032215118408203125
1648488936.5218143,2.516326792199469,0.0032215118408203125
1648488936.5318098,2.512326670125431,0.0032091140747070312
1648488936.5418007,2.513326700643941,0.0032083988189697266
1648488936.5518076,2.511201635792108,0.0032067298889160156
1648488936.5618029,2.513576708273568,0.003202199935913086
1648488936.5719106,2.513576708273568,0.003291606903076172
1648488936.5817657,2.5149517502365186,0.003167390823364258
1648488936.591823,2.512826685384686,0.003226041793823242
1648488936.6018698,2.5129516891995,0.003262758255004883
1648488936.6118174,2.517951841792047,0.0032198429107666016
1648488936.6218572,2.514451734977264,0.003257274627685547
1648488936.6318285,2.513701712088382,0.003225088119506836
1648488936.6418092,2.517951841792047,0.003207683563232422
1648488936.6518092,2.513201696829127,0.003207683563232422
1648488936.6618078,2.51432673116245,0.0032079219818115234
1648488936.6718102,2.5205769219031344,0.0032091140747070312
1648488936.6818018,2.5134517044587543,0.0032007694244384766
1648488936.6918077,2.514826746421705,0.0032012462615966797
1648488936.7020469,2.51432673116245,0.0034401416778564453
1648488936.711847,2.5138267159031953,0.0032367706298828125
1648488936.721821,2.535202368236335,0.003213644027709961
1648488936.731818,2.5154517654957735,0.003210783004760742
1648488936.741818,2.51432673116245,0.003208637237548828
1648488936.751819,2.5153267616809596,0.0032117366790771484
1648488936.7618124,2.513701712088382,0.0032052993774414062
1648488936.7718573,2.5169518112735374,0.0032482147216796875
1648488936.7818263,2.513201696829127,0.003216266632080078
1648488936.791818,2.51432673116245,0.0032105445861816406
1648488936.801867,2.514701742606891,0.0032570362091064453
1648488936.8118305,2.5129516891995,0.00322723388671875
1648488936.821817,2.514576738792077,0.003215312957763672
1648488936.8319194,2.512826685384686,0.003253459930419922
1648488936.8418205,2.5073265175328836,0.003218412399291992
1648488936.8518207,2.5125766777550584,0.003214120864868164
1648488936.8618147,2.513201696829127,0.0032074451446533203
1648488936.8718145,2.5120766624958035,0.0032083988189697266
1648488936.881848,2.5122016663106175,0.003239870071411133
1648488936.8918216,2.513201696829127,0.003214597702026367
1648488936.90182,2.5155767693105866,0.0032138824462890625
1648488936.911817,2.5213269447920164,0.0032117366790771484
1648488936.9218085,2.5197018951994385,0.003203153610229492
1648488936.9318094,2.5182018494216742,0.003204822540283203
1648488936.9418106,2.5222019714957122,0.003206014633178711
1648488936.9518204,2.5280771507919555,0.0032193660736083984
1648488936.961322,2.5178268379772333,0.002718687057495117
1648488936.9718816,2.516826807458724,0.003264904022216797
1648488936.98183,2.527077120273446,0.003227710723876953
1648488936.9918265,2.5129516891995,0.003219127655029297
1648488937.0012143,2.51432673116245,0.002611398696899414
1648488937.0112815,2.5129516891995,0.002655506134033203
1648488937.0218375,2.4893259681997133,0.0032351016998291016
1648488937.0318274,2.504451429792169,0.003226757049560547
1648488937.0418434,2.4973262123477893,0.003242015838623047
1648488937.0517924,2.5140767235328227,0.0029604434967041016
1648488937.061516,2.513576708273568,0.0028829574584960938
1648488937.0713027,2.513201696829127,0.0026683807373046875
1648488937.0824435,2.51432673116245,0.0038352012634277344
1648488937.0918744,2.5375774407177953,0.003269195556640625
1648488937.1014585,2.511076631977294,0.002817869186401367
1648488937.1112206,2.512701681569872,0.0026192665100097656
1648488937.1218233,2.5154517654957735,0.0032262802124023438
1648488937.1318119,2.514576738792077,0.003209352493286133
1648488937.1418207,2.5257020783104958,0.0032243728637695312
1648488937.1518326,2.5299522080141608,0.003234386444091797
1648488937.161813,2.5222019714957122,0.0032110214233398438
1648488937.1717422,2.51670180364391,0.0031328201293945312
1648488937.1816976,2.5140767235328227,0.003105640411376953
1648488937.1917384,2.513201696829127,0.0031332969665527344
1648488937.2017443,2.515076754051332,0.003149747848510742
1648488937.2117462,2.5139517197180092,0.003137350082397461
1648488937.22173,2.5120766624958035,0.0031239986419677734
1648488937.2317333,2.5115766472365486,0.003127574920654297
1648488937.2417252,2.510451612903226,0.003117799758911133
1648488937.251811,2.5109516281624806,0.0031545162200927734
1648488937.2617228,2.509326578569903,0.003125905990600586
1648488937.2718115,2.504951445051424,0.0032117366790771484
1648488937.2818067,2.514701742606891,0.0032072067260742188
1648488937.2917843,2.513576708273568,0.0031900405883789062
1648488937.3013358,2.5098265938291573,0.0027120113372802734
1648488937.3118317,2.511076631977294,0.003229856491088867
1648488937.3218186,2.507576525162511,0.003222227096557617
1648488937.331842,2.5034513992736596,0.003238677978515625
1648488937.3414476,2.505326456495865,0.0028443336486816406
1648488937.3518202,2.5077015289773246,0.003216266632080078
1648488937.3618107,2.509201574755089,0.003216981887817383
1648488937.3722034,2.5069515060884426,0.003216981887817383
1648488937.3818128,2.509701590014344,0.0032165050506591797
1648488937.3918009,2.512701681569872,0.0031991004943847656
1648488937.4018252,2.5138267159031953,0.0032291412353515625
1648488937.4118233,2.513076693014313,0.003224611282348633
1648488937.4217975,2.514826746421705,0.003201723098754883
1648488937.4318044,2.5134517044587543,0.0032091140747070312
1648488937.4417968,2.5138267159031953,0.0032033920288085938
1648488937.451321,2.5120766624958035,0.002719879150390625
1648488937.4618168,2.513701712088382,0.0032148361206054688
1648488937.4717915,2.5129516891995,0.0031926631927490234
1648488937.4817405,2.5109516281624806,0.0031409263610839844
1648488937.4917288,2.5105766167180397,0.003122091293334961
1648488937.5017104,2.5102016052735983,0.003118276596069336
1648488937.5117052,2.5095765861995303,0.003111600875854492
1648488937.5217123,2.510076601458785,0.0031206607818603516
1648488937.5317404,2.5098265938291573,0.003148317337036133
1648488937.5417132,2.513326700643941,0.003120899200439453
1648488937.551713,2.5120766624958035,0.003121614456176758
1648488937.5617006,2.510451612903226,0.003109455108642578
1648488937.5713017,2.5134517044587543,0.0026803016662597656
1648488937.5817752,2.510826624347667,0.003178119659423828
1648488937.5917912,2.513076693014313,0.003199338912963867
1648488937.6018147,2.513326700643941,0.0032210350036621094
1648488937.6118233,2.512451673940245,0.0032258033752441406
1648488937.6218061,2.513201696829127,0.0032095909118652344
1648488937.6318061,2.513076693014313,0.003209829330444336
1648488937.641796,2.5062014831995603,0.003198862075805664
1648488937.6518023,2.5140767235328227,0.003202199935913086
1648488937.6617815,2.513326700643941,0.003180265426635742
1648488937.6718128,2.51195165868099,0.003214120864868164
1648488937.6819992,2.512826685384686,0.0031244754791259766
1648488937.6917284,2.513326700643941,0.003119945526123047
1648488937.701705,2.5134517044587543,0.0031137466430664062
1648488937.7117102,2.5142017273476363,0.0031180381774902344
1648488937.7217095,2.5125766777550584,0.003117799758911133
1648488937.731709,2.51432673116245,0.0031156539916992188
1648488937.7417085,2.513701712088382,0.003118753433227539
1648488937.7517502,2.512701681569872,0.0031516551971435547
1648488937.7620077,2.5118266548661765,0.0031280517578125
1648488937.7721403,2.5139517197180092,0.003247976303100586
1648488937.7821407,2.514826746421705,0.0032181739807128906
1648488937.792128,2.513701712088382,0.0032100677490234375
1648488937.8021517,2.514576738792077,0.003239870071411133
1648488937.8121545,2.5139517197180092,0.003228425979614258
1648488937.821256,2.513576708273568,0.002634286880493164
1648488937.8317332,2.51432673116245,0.0027513504028320312
1648488937.8418672,2.5129516891995,0.0028972625732421875
1648488937.8516228,2.514701742606891,0.0026412010192871094
1648488937.8616488,2.513701712088382,0.002672910690307617
1648488937.8722913,2.5142017273476363,0.0033588409423828125
1648488937.8817873,2.5142017273476363,0.0028095245361328125
1648488937.8921773,2.5139517197180092,0.003202199935913086
1648488937.9020321,2.513576708273568,0.0031464099884033203
1648488937.9120057,2.512701681569872,0.003132343292236328
1648488937.9220037,2.5134517044587543,0.0031347274780273438
1648488937.931594,2.513076693014313,0.0027272701263427734
1648488937.942005,2.514451734977264,0.0031278133392333984
1648488937.951991,2.513076693014313,0.0031280517578125
1648488937.961989,2.515076754051332,0.003119230270385742
1648488937.9719925,2.513326700643941,0.0031270980834960938
1648488937.981982,2.513076693014313,0.0031096935272216797
1648488937.9919846,2.5139517197180092,0.003123044967651367
1648488938.0017366,2.513701712088382,0.003137350082397461
1648488938.011742,2.5115766472365486,0.003146648406982422
1648488938.0217175,2.513201696829127,0.0031261444091796875
1648488938.0317194,2.51432673116245,0.003126859664916992
1648488938.0417085,2.512326670125431,0.003117799758911133
1648488938.0517294,2.510826624347667,0.003134012222290039
1648488938.0617108,2.5095765861995303,0.003115415573120117
1648488938.0717125,2.492076052125614,0.0031158924102783203
1648488938.0819607,2.5029513840144046,0.0033338069915771484
1648488938.0918334,2.513326700643941,0.0032291412353515625
1648488938.1018076,2.51432673116245,0.003206014633178711
1648488938.111803,2.495701162755211,0.003201723098754883
1648488938.1218047,2.512701681569872,0.003198385238647461
1648488938.1318042,2.500826319162572,0.003199338912963867
1648488938.1417975,2.513076693014313,0.0031931400299072266
1648488938.1518078,2.512826685384686,0.0032083988189697266
1648488938.1618066,2.499951292458876,0.003202676773071289
1648488938.1717956,2.512326670125431,0.003190755844116211
1648488938.1817982,2.5078265327921385,0.003192901611328125
1648488938.1918006,2.513201696829127,0.003196239471435547
1648488938.2018185,2.512826685384686,0.0032134056091308594
1648488938.211824,2.4943261207922607,0.0032236576080322266
1648488938.221802,2.5134517044587543,0.003202676773071289
1648488938.2317924,2.5010763267921994,0.0031952857971191406
1648488938.2418647,2.5138267159031953,0.0032546520233154297
1648488938.2518177,2.5033263954588456,0.0032095909118652344
1648488938.2618046,2.5098265938291573,0.0032007694244384766
1648488938.2718046,2.5073265175328836,0.0032007694244384766
1648488938.2818046,2.496951200903348,0.003198862075805664
1648488938.291804,2.499576281014435,0.003198862075805664
1648488938.301802,2.5134517044587543,0.0031974315643310547
1648488938.311795,2.495701162755211,0.0031909942626953125
1648488938.3217978,2.51432673116245,0.003193378448486328
1648488938.3318264,2.495951170384838,0.0032243728637695312
1648488938.3418047,2.514451734977264,0.0031986236572265625
1648488938.3518012,2.4933260902737513,0.00319671630859375
1648488938.361798,2.5129516891995,0.003192424774169922
1648488938.371795,2.4972012085329753,0.0031909942626953125
1648488938.3818436,2.512826685384686,0.0032341480255126953
1648488938.3918076,2.505326456495865,0.0032012462615966797
1648488938.401806,2.508076540421766,0.0032014846801757812
1648488938.4118373,2.50482644123661,0.0032355785369873047
1648488938.4217992,2.5078265327921385,0.003200054168701172
1648488938.4317966,2.506826502273629,0.0031991004943847656
1648488938.4417896,2.5118266548661765,0.0031914710998535156
1648488938.4517975,2.5090765709402754,0.003194093704223633
1648488938.461798,2.510451612903226,0.0031943321228027344
1648488938.4717965,2.5015763420514543,0.003194093704223633
1648488938.4817939,2.5115766472365486,0.003189563751220703
1648488938.4917939,2.5094515823847163,0.003191232681274414
1648488938.5017982,2.508701559495834,0.0031952857971191406
1648488938.5118058,2.510076601458785,0.003201723098754883
1648488938.5217934,2.508076540421766,0.003188610076904297
1648488938.5317998,2.508826563310648,0.0031952857971191406
1648488938.541839,2.5070765099032566,0.0032393932342529297
1648488938.5518029,2.5094515823847163,0.0031976699829101562
1648488938.5623932,2.507951536606952,0.003788471221923828
1648488938.5712962,2.5054514603106783,0.0026586055755615234
1648488938.581831,2.5102016052735983,0.003226757049560547
1648488938.5912805,2.500951322977386,0.002657175064086914
1648488938.6015854,2.496951200903348,0.002936840057373047
1648488938.61133,2.504201422162542,0.002691984176635742
1648488938.6213121,2.5117016510513626,0.0026836395263671875
1648488938.6318843,2.51195165868099,0.003272533416748047
1648488938.641558,2.5069515060884426,0.0029273033142089844
1648488938.651895,2.5032013916440325,0.0032863616943359375
1648488938.6613333,2.510826624347667,0.0026917457580566406
1648488938.671814,2.5052014526810513,0.003204345703125
1648488938.681744,2.503576403088473,0.0031430721282958984
1648488938.6917052,2.496951200903348,0.0031070709228515625
1648488938.701708,2.50720151371807,0.003117799758911133
1648488938.7117171,2.4975762199774163,0.003126382827758789
1648488938.7217193,2.4919510483108005,0.003121614456176758
1648488938.7317128,2.499576281014435,0.003122568130493164
1648488938.7417006,2.5120766624958035,0.0031044483184814453
1648488938.7517188,2.5134517044587543,0.003128528594970703
1648488938.761709,2.508826563310648,0.003113985061645508
1648488938.7717144,2.504951445051424,0.003117084503173828
1648488938.7818668,2.512826685384686,0.003176450729370117
1648488938.7918108,2.5070765099032566,0.0032052993774414062
1648488938.8018265,2.5033263954588456,0.0032205581665039062
1648488938.8118436,2.509701590014344,0.0032415390014648438
1648488938.8218174,2.504201422162542,0.003214597702026367
1648488938.8318222,2.5027013763847776,0.0032188892364501953
1648488938.8418114,2.504451429792169,0.0032105445861816406
1648488938.8519685,2.499826288644063,0.0033609867095947266
1648488938.8618615,2.5129516891995,0.0032498836517333984
1648488938.8718176,2.512451673940245,0.003216266632080078
1648488938.8812292,2.5052014526810513,0.002626180648803711
1648488938.8918142,2.5012013306070133,0.0032134056091308594
1648488938.90182,2.4948261360515156,0.003213167190551758
1648488938.9118123,2.510701620532853,0.003206014633178711
1648488938.9218006,2.5047014374217964,0.0031960010528564453
1648488938.9318047,2.5115766472365486,0.003200054168701172
1648488938.9417908,2.5109516281624806,0.003185272216796875
1648488938.9517992,2.513326700643941,0.003201723098754883
1648488938.961799,2.5122016663106175,0.0031938552856445312
1648488938.9718,2.5102016052735983,0.003195524215698242
1648488938.9818265,2.507576525162511,0.003222942352294922
1648488938.9917977,2.5077015289773246,0.003192901611328125
1648488939.001822,2.5034513992736596,0.003216981887817383
1648488939.0118284,2.500451307718131,0.003229856491088867
1648488939.021807,2.499326273384808,0.0032067298889160156
1648488939.031793,2.4982012390514847,0.0031957626342773438
1648488939.0417957,2.512826685384686,0.003196239471435547
1648488939.0517964,2.510076601458785,0.0031974315643310547
1648488939.0624418,2.5098265938291573,0.0038356781005859375
1648488939.071809,2.508576555681021,0.003202676773071289
1648488939.081825,2.5034513992736596,0.003221750259399414
1648488939.0917947,2.508576555681021,0.003189563751220703
1648488939.1018176,2.5019513534958953,0.0032148361206054688
1648488939.1118143,2.503701406903287,0.003206968307495117
1648488939.1218016,2.5114516434217355,0.003197908401489258
1648488939.1317954,2.502076357310709,0.0031909942626953125
1648488939.1418004,2.508326548051393,0.0032029151916503906
1648488939.1518354,2.503701406903287,0.003226757049560547
1648488939.161802,2.5114516434217355,0.003198385238647461
1648488939.1718066,2.506451490829188,0.003203153610229492
1648488939.1818273,2.508826563310648,0.0032269954681396484
1648488939.1918077,2.5038264107181005,0.0032095909118652344
1648488939.201729,2.4973262123477893,0.0030956268310546875
1648488939.2182517,2.4983262428662987,0.0041141510009765625
1648488939.2223167,2.4975762199774163,0.002956867218017578
1648488939.2318466,2.5033263954588456,0.0032422542572021484
1648488939.2418258,2.5038264107181005,0.0032253265380859375
1648488939.2518303,2.498076235236671,0.003228425979614258
1648488939.2618182,2.506826502273629,0.0032165050506591797
1648488939.2718186,2.500326303903317,0.0032143592834472656
1648488939.2818546,2.4990762657551806,0.0032548904418945312
1648488939.2916617,2.5125766777550584,0.003068685531616211
1648488939.3016617,2.5122016663106175,0.0030586719512939453
1648488939.3116424,2.513201696829127,0.003053903579711914
1648488939.3216565,2.5114516434217355,0.0030558109283447266
1648488939.3317175,2.5023263649403362,0.0031142234802246094
1648488939.341652,2.50482644123661,0.0030651092529296875
1648488939.3516424,2.5032013916440325,0.003054380416870117
1648488939.3616347,2.5073265175328836,0.003046751022338867
1648488939.3716307,2.504451429792169,0.0030434131622314453
1648488939.381796,2.504076418347728,0.0031642913818359375
1648488939.3917058,2.509701590014344,0.0029754638671875
1648488939.4013906,2.5054514603106783,0.0027577877044677734
1648488939.411406,2.508951567125462,0.002773761749267578
1648488939.4218776,2.5098265938291573,0.003269672393798828
1648488939.432362,2.510701620532853,0.0037584304809570312
1648488939.4418542,2.5122016663106175,0.0032465457916259766
1648488939.4515324,2.514451734977264,0.002725839614868164
1648488939.4612942,2.514576738792077,0.002673625946044922
1648488939.4718506,2.5138267159031953,0.003246784210205078
1648488939.4818573,2.5142017273476363,0.0032587051391601562
1648488939.4916644,2.5159517807550276,0.0030770301818847656
1648488939.5016763,2.514826746421705,0.003078460693359375
1648488939.5116847,2.5014513382366403,0.0030841827392578125
1648488939.5216725,2.5159517807550276,0.0030705928802490234
1648488939.531663,2.5129516891995,0.0030679702758789062
1648488939.5416546,2.5077015289773246,0.003056764602661133
1648488939.551655,2.5129516891995,0.003062009811401367
1648488939.561653,2.5033263954588456,0.003056049346923828
1648488939.5722468,2.5153267616809596,0.003648996353149414
1648488939.5816789,2.5134517044587543,0.0030791759490966797
1648488939.591825,2.5090765709402754,0.003231048583984375
1648488939.601814,2.5157017731254006,0.003220081329345703
1648488939.6118536,2.5165767998290964,0.003251791000366211
1648488939.6218112,2.51432673116245,0.003216266632080078
1648488939.631817,2.5055764641254923,0.0032198429107666016
1648488939.6418707,2.5118266548661765,0.003275632858276367
1648488939.6512332,2.5059514755699333,0.002627134323120117
1648488939.6618237,2.5138267159031953,0.003222942352294922
1648488939.6718082,2.5139517197180092,0.003214597702026367
1648488939.6818123,2.508701559495834,0.0032196044921875
1648488939.6917999,2.509201574755089,0.003208160400390625
1648488939.7018096,2.503951414532914,0.0032138824462890625
1648488939.7118032,2.5140767235328227,0.003205537796020508
1648488939.721803,2.51432673116245,0.003208160400390625
1648488939.7318008,2.512701681569872,0.003204345703125
1648488939.7418053,2.512701681569872,0.003208160400390625
1648488939.7518091,2.506826502273629,0.0032172203063964844
1648488939.7618074,2.513576708273568,0.0032100677490234375
1648488939.7718003,2.5142017273476363,0.003202676773071289
1648488939.7818015,2.513326700643941,0.0032057762145996094
1648488939.7918355,2.5139517197180092,0.0032143592834472656
1648488939.8018346,2.508326548051393,0.003236055374145508
1648488939.8118632,2.5090765709402754,0.0032587051391601562
1648488939.8218162,2.511076631977294,0.003221750259399414
1648488939.8318102,2.508826563310648,0.003217935562133789
1648488939.8418033,2.5154517654957735,0.0032100677490234375
1648488939.8518033,2.512451673940245,0.003208637237548828
1648488939.8617997,2.5030763878292186,0.0032036304473876953
1648488939.8718042,2.5142017273476363,0.0032057762145996094
1648488939.8818035,2.5055764641254923,0.0032045841217041016
1648488939.8918364,2.5105766167180397,0.003214120864868164
1648488939.9018009,2.5078265327921385,0.003203868865966797
1648488939.9118075,2.5140767235328227,0.0032148361206054688
1648488939.9218035,2.509326578569903,0.003206491470336914
1648488939.9318006,2.5113266396069216,0.003202199935913086
1648488939.9417937,2.5140767235328227,0.0031976699829101562
1648488939.9517977,2.5125766777550584,0.003200531005859375
1648488939.9617965,2.510326609088412,0.0031995773315429688
1648488939.9718168,2.4948261360515156,0.0032196044921875
1648488939.9818156,2.5122016663106175,0.0032165050506591797
1648488939.991837,2.5125766777550584,0.003246307373046875
1648488940.0018106,2.5120766624958035,0.0032129287719726562
1648488940.0118508,2.512701681569872,0.0032503604888916016
1648488940.0218153,2.5117016510513626,0.0032210350036621094
1648488940.031812,2.513326700643941,0.003216266632080078
1648488940.0418072,2.514826746421705,0.003213167190551758
1648488940.0518076,2.513201696829127,0.0032129287719726562
1648488940.0617595,2.514826746421705,0.0031616687774658203
1648488940.071809,2.515076754051332,0.0032112598419189453
1648488940.0817986,2.513576708273568,0.0032024383544921875
1648488940.0918343,2.5129516891995,0.0032372474670410156
1648488940.1018004,2.513701712088382,0.0032036304473876953
1648488940.1118023,2.5129516891995,0.0032062530517578125
1648488940.121846,2.514451734977264,0.0032384395599365234
1648488940.131811,2.514451734977264,0.0032126903533935547
1648488940.141804,2.5125766777550584,0.0032052993774414062
1648488940.1518028,2.514451734977264,0.003205537796020508
1648488940.161805,2.514826746421705,0.0032110214233398438
1648488940.1712768,2.515076754051332,0.002656698226928711
1648488940.18154,2.5142017273476363,0.002911090850830078
1648488940.1919196,2.514701742606891,0.0033082962036132812
1648488940.201359,2.5074515213476976,0.0027315616607666016
1648488940.2112913,2.495701162755211,0.0026748180389404297
1648488940.2213922,2.5118266548661765,0.0027799606323242188
1648488940.2313383,2.511201635792108,0.002734661102294922
1648488940.242156,2.5094515823847163,0.003558635711669922
1648488940.251343,2.5153267616809596,0.002671480178833008
1648488940.2618365,2.5149517502365186,0.0032320022583007812
1648488940.2718108,2.513576708273568,0.003220081329345703
1648488940.2818062,2.515076754051332,0.0032079219818115234
1648488940.2919285,2.51432673116245,0.003336668014526367
1648488940.3016021,2.513701712088382,0.003006458282470703
1648488940.3118083,2.514451734977264,0.003215789794921875
1648488940.321595,2.5154517654957735,0.0030002593994140625
1648488940.3319004,2.514451734977264,0.003292083740234375
1648488940.3417885,2.5154517654957735,0.0031728744506835938
1648488940.351761,2.5149517502365186,0.0031599998474121094
1648488940.3617573,2.514451734977264,0.0031533241271972656
1648488940.3723617,2.5154517654957735,0.003227710723876953
1648488940.3820868,2.5142017273476363,0.0034935474395751953
1648488940.3917115,2.513701712088382,0.0031211376190185547
1648488940.401545,2.5138267159031953,0.002962350845336914
1648488940.4115663,2.514701742606891,0.0029807090759277344
1648488940.4216256,2.5129516891995,0.003020763397216797
1648488940.4317212,2.512701681569872,0.0031392574310302734
1648488940.4415522,2.5138267159031953,0.0029675960540771484
1648488940.4515474,2.5134517044587543,0.002965211868286133
1648488940.4616604,2.513076693014313,0.0030524730682373047
1648488940.471558,2.5029513840144046,0.002969980239868164
1648488940.481542,2.5034513992736596,0.0029594898223876953
1648488940.4915397,2.5062014831995603,0.0029540061950683594
1648488940.5013235,2.513201696829127,0.002683401107788086
1648488940.5118268,2.5038264107181005,0.003232240676879883
1648488940.5218003,2.511201635792108,0.0032019615173339844
1648488940.5314543,2.5117016510513626,0.002858877182006836
1648488940.541829,2.5152017578661456,0.0032274723052978516
1648488940.5517974,2.516826807458724,0.0032088756561279297
1648488940.5624225,2.515076754051332,0.003826618194580078
1648488940.5712702,2.5149517502365186,0.002645730972290039
1648488940.581291,2.513201696829127,0.002661466598510742
1648488940.5913477,2.5134517044587543,0.0027091503143310547
1648488940.601424,2.5157017731254006,0.0027692317962646484
1648488940.6117609,2.513701712088382,0.003168821334838867
1648488940.62175,2.514826746421705,0.003144979476928711
1648488940.6317565,2.513576708273568,0.003149747848510742
1648488940.6417327,2.5139517197180092,0.0031294822692871094
1648488940.6517465,2.5109516281624806,0.0031397342681884766
1648488940.6617382,2.510326609088412,0.0031478404998779297
1648488940.6717412,2.506076479384747,0.0031359195709228516
1648488940.6817088,2.513701712088382,0.0031189918518066406
1648488940.6917295,2.509201574755089,0.0031273365020751953
1648488940.7018065,2.5098265938291573,0.0032079219818115234
1648488940.711789,2.510701620532853,0.003198862075805664
1648488940.7217956,2.512701681569872,0.0032002925872802734
1648488940.7317884,2.509701590014344,0.003192424774169922
1648488940.7417893,2.510326609088412,0.003194570541381836
1648488940.751787,2.5129516891995,0.0031919479370117188
1648488940.7617888,2.515076754051332,0.0031931400299072266
1648488940.7717957,2.5140767235328227,0.003199338912963867
1648488940.7817843,2.5159517807550276,0.003187417984008789
1648488940.7918005,2.5155767693105866,0.0032110214233398438
1648488940.8017838,2.51432673116245,0.0031948089599609375
1648488940.811965,2.51670180364391,0.0032503604888916016
1648488940.8217847,2.5149517502365186,0.003192901611328125
1648488940.8318024,2.511201635792108,0.003206014633178711
1648488940.8412926,2.514576738792077,0.002664804458618164
1648488940.8518174,2.5077015289773246,0.003215312957763672
1648488940.8618038,2.5012013306070133,0.0032045841217041016
1648488940.8717976,2.514576738792077,0.0031986236572265625
1648488940.8818192,2.5095765861995303,0.0032203197479248047
1648488940.8918178,2.5134517044587543,0.0032186508178710938
1648488940.9017959,2.5158267769402145,0.003199338912963867
1648488940.911847,2.5154517654957735,0.0032482147216796875
1648488940.9218075,2.5165767998290964,0.0032072067260742188
1648488940.9318044,2.514576738792077,0.0032067298889160156
1648488940.941784,2.5158267769402145,0.0031859874725341797
1648488940.951794,2.514701742606891,0.0032019615173339844
1648488940.9612925,2.5158267769402145,0.0026607513427734375
1648488940.9718685,2.5165767998290964,0.0032732486724853516
1648488940.9813817,2.513201696829127,0.0027086734771728516
1648488940.9913504,2.5154517654957735,0.0027246475219726562
1648488941.0017784,2.5158267769402145,0.0031843185424804688
1648488941.011789,2.5139517197180092,0.0031898021697998047
1648488941.022012,2.514451734977264,0.0034079551696777344
1648488941.0317445,2.515076754051332,0.003139019012451172
1648488941.041368,2.514701742606891,0.0027217864990234375
1648488941.0517564,2.5149517502365186,0.0031502246856689453
1648488941.0617359,2.514451734977264,0.0031342506408691406
1648488941.071599,2.5140767235328227,0.0030090808868408203
1648488941.0817428,2.5134517044587543,0.003139019012451172
1648488941.0917165,2.513701712088382,0.003125905990600586
1648488941.1017246,2.513326700643941,0.0031325817108154297
1648488941.1117303,2.513701712088382,0.0031270980834960938
1648488941.1217008,2.5142017273476363,0.0031125545501708984
1648488941.1317267,2.50245136875515,0.0031244754791259766
1648488941.1417031,2.5142017273476363,0.003114938735961914
1648488941.1517208,2.4979512314218573,0.003118276596069336
1648488941.161701,2.5140767235328227,0.00311279296875
1648488941.171702,2.504451429792169,0.003114461898803711
1648488941.1817298,2.513576708273568,0.003127574920654297
1648488941.1917048,2.5105766167180397,0.003114461898803711
1648488941.2018087,2.512451673940245,0.003211498260498047
1648488941.2118487,2.5142017273476363,0.003250598907470703
1648488941.2217944,2.5149517502365186,0.0031998157501220703
1648488941.2318835,2.514576738792077,0.003270864486694336
1648488941.2418113,2.5152017578661456,0.003216981887817383
1648488941.251793,2.513701712088382,0.003202199935913086
1648488941.2617974,2.515076754051332,0.003206968307495117
1648488941.2718043,2.5158267769402145,0.0032117366790771484
1648488941.281794,2.5155767693105866,0.0031976699829101562
1648488941.291802,2.5157017731254006,0.0032052993774414062
1648488941.3017945,2.5158267769402145,0.0031981468200683594
1648488941.311788,2.5164517960142825,0.0031905174255371094
1648488941.3217869,2.514826746421705,0.0031909942626953125
1648488941.3318408,2.518576860866115,0.003242015838623047
1648488941.3417933,2.521201940977203,0.0031948089599609375
1648488941.3517954,2.513576708273568,0.003198862075805664
1648488941.36179,2.513701712088382,0.003195047378540039
1648488941.3717883,2.5159517807550276,0.0031919479370117188
1648488941.381786,2.514701742606891,0.003190755844116211
1648488941.391792,2.5122016663106175,0.003196239471435547
1648488941.4017882,2.513701712088382,0.0031952857971191406
1648488941.4118416,2.5050764488662374,0.0032439231872558594
1648488941.421784,2.4985762504959257,0.003191709518432617
1648488941.4317951,2.5054514603106783,0.0032062530517578125
1648488941.4417877,2.4979512314218573,0.0031964778900146484
1648488941.4517913,2.5134517044587543,0.0031943321228027344
1648488941.4617903,2.4904510025330366,0.0031952857971191406
1648488941.471787,2.5120766624958035,0.003193378448486328
1648488941.4817867,2.5118266548661765,0.003191232681274414
1648488941.4917893,2.5118266548661765,0.003194570541381836
1648488941.5017865,2.5122016663106175,0.0031909942626953125
1648488941.5117896,2.5017013458662682,0.003194570541381836
1648488941.5217817,2.5134517044587543,0.003185749053955078
1648488941.531789,2.4935760979033783,0.0031936168670654297
1648488941.5417807,2.502076357310709,0.003185272216796875
1648488941.5523882,2.5114516434217355,0.003792285919189453
1648488941.5618074,2.5052014526810513,0.003209352493286133
1648488941.571281,2.513201696829127,0.0026695728302001953
1648488941.581811,2.507951536606952,0.0032176971435546875
1648488941.5917747,2.498451246681112,0.003183603286743164
1648488941.6017928,2.5098265938291573,0.0032036304473876953
1648488941.6118395,2.510076601458785,0.003240823745727539
1648488941.621789,2.5019513534958953,0.0031960010528564453
1648488941.6317942,2.513576708273568,0.0032036304473876953
1648488941.641787,2.508951567125462,0.003198385238647461
1648488941.6518056,2.5090765709402754,0.0032067298889160156
1648488941.6617954,2.508701559495834,0.0031986236572265625
1648488941.671791,2.5090765709402754,0.003195524215698242
1648488941.681788,2.5120766624958035,0.003191232681274414
1648488941.6917965,2.5140767235328227,0.0032052993774414062
1648488941.7018437,2.5129516891995,0.003245115280151367
1648488941.7117996,2.513701712088382,0.0032024383544921875
1648488941.7218027,2.50720151371807,0.0032050609588623047
1648488941.7317958,2.509326578569903,0.0031995773315429688
1648488941.7417834,2.5025763725699637,0.0031890869140625
1648488941.7513127,2.4963261818292795,0.002671480178833008
1648488941.7613323,2.5109516281624806,0.0027017593383789062
1648488941.7713902,2.4979512314218573,0.0027666091918945312
1648488941.7818727,2.5122016663106175,0.003275632858276367
1648488941.791853,2.4927010711996824,0.0032563209533691406
1648488941.8018599,2.510326609088412,0.003238201141357422
1648488941.8117673,2.506326487014374,0.003174304962158203
1648488941.8218598,2.5069515060884426,0.003248929977416992
1648488941.8317275,2.5025763725699637,0.0031223297119140625
1648488941.8416774,2.4977012237922303,0.0030739307403564453
1648488941.8516617,2.4985762504959257,0.0030670166015625
1648488941.861673,2.5030763878292186,0.0030777454376220703
1648488941.8716466,2.500326303903317,0.0030546188354492188
1648488941.881668,2.5109516281624806,0.0030705928802490234
1648488941.8916519,2.5058264717551193,0.003053903579711914
1648488941.9017158,2.5065764946440017,0.0031294822692871094
1648488941.9117408,2.4987012543107396,0.0031478404998779297
1648488941.9217384,2.513576708273568,0.0031359195709228516
1648488941.9317024,2.513326700643941,0.0031151771545410156
1648488941.9416978,2.5070765099032566,0.003110647201538086
1648488941.9516933,2.503701406903287,0.003106355667114258
1648488941.961348,2.4940761131626332,0.0027189254760742188
1648488941.9718957,2.511201635792108,0.003267526626586914
1648488941.9817402,2.5014513382366403,0.0031456947326660156
1648488941.9917336,2.500826319162572,0.0031442642211914062
1648488942.001867,2.4977012237922303,0.0031845569610595703
1648488942.011861,2.499701284829249,0.0032548904418945312
1648488942.0218143,2.5069515060884426,0.0032155513763427734
1648488942.0318022,2.499951292458876,0.0032041072845458984
1648488942.0417948,2.5125766777550584,0.003200054168701172
1648488942.0517464,2.512451673940245,0.003148794174194336
1648488942.0618122,2.5062014831995603,0.0032083988189697266
1648488942.071801,2.5122016663106175,0.0031998157501220703
1648488942.0817976,2.50007629627369,0.0031976699829101562
1648488942.0918,2.512701681569872,0.0031991004943847656
1648488942.101826,2.504576433606983,0.003200054168701172
1648488942.1118004,2.5069515060884426,0.003198862075805664
1648488942.1217945,2.4972012085329753,0.003194570541381836
1648488942.1317933,2.512326670125431,0.003191709518432617
1648488942.1417959,2.513201696829127,0.0031957626342773438
1648488942.151787,2.506701498458815,0.0031876564025878906
1648488942.1617925,2.5082015442365795,0.0031936168670654297
1648488942.171791,2.505326456495865,0.003190755844116211
1648488942.1817913,2.5030763878292186,0.003197193145751953
1648488942.1917915,2.50482644123661,0.0031974315643310547
1648488942.2018297,2.5038264107181005,0.0032358169555664062
1648488942.2118452,2.504076418347728,0.0032422542572021484
1648488942.2219164,2.508576555681021,0.003290891647338867
1648488942.2318127,2.508701559495834,0.003215789794921875
1648488942.2418041,2.499701284829249,0.003208160400390625
1648488942.2519178,2.5102016052735983,0.0032432079315185547
1648488942.261823,2.5023263649403362,0.0032165050506591797
1648488942.2718012,2.479450666829432,0.003206014633178711
1648488942.2817974,2.499701284829249,0.0031952857971191406
1648488942.291797,2.4887009491256444,0.0032002925872802734
1648488942.3018274,2.4933260902737513,0.0032262802124023438
1648488942.3118002,2.4805757011627554,0.003203868865966797
1648488942.3217964,2.478825647755364,0.0031943321228027344
1648488942.3318164,2.4924510635700554,0.003216981887817383
1648488942.341803,2.48345078890347,0.0032002925872802734
1648488942.3517954,2.4975762199774163,0.0031938552856445312
1648488942.3618205,2.4862008728293707,0.003220796585083008
1648488942.3717988,2.496076174199652,0.00319671630859375
1648488942.3817942,2.4860758690145577,0.0031986236572265625
1648488942.3917918,2.4884509414960174,0.0031926631927490234
1648488942.401823,2.478825647755364,0.0032296180725097656
1648488942.4118505,2.492201055940428,0.003246307373046875
1648488942.4218063,2.4900759910885952,0.0032091140747070312
1648488942.4317963,2.487450910977508,0.003200054168701172
1648488942.441795,2.482575762199774,0.0032002925872802734
1648488942.4517984,2.481450727866451,0.003197193145751953
1648488942.4618037,2.4855758537553028,0.003202199935913086
1648488942.4718137,2.4863258766441847,0.0032126903533935547
1648488942.4818146,2.4802006897183144,0.003210783004760742
1648488942.491795,2.47395049897763,0.003198385238647461
1648488942.5018697,2.4717004303109835,0.0032682418823242188
1648488942.5118182,2.4848258308664204,0.003215789794921875
1648488942.5218034,2.480700704977569,0.0032019615173339844
1648488942.532407,2.4823257545701467,0.0038056373596191406
1648488942.5417962,2.477200598162786,0.003191709518432617
1648488942.551288,2.4948261360515156,0.0026586055755615234
1648488942.5616841,2.4893259681997133,0.0030264854431152344
1648488942.5717275,2.4847008270516064,0.0030829906463623047
1648488942.5818806,2.4844508194219794,0.0032706260681152344
1648488942.5918465,2.479950682088687,0.003242969512939453
1648488942.6032867,2.480700704977569,0.004683017730712891
1648488942.6118286,2.4762005676442764,0.003229856491088867
1648488942.6220112,2.482575762199774,0.003419160842895508
1648488942.6312437,2.4947011322367016,0.0026280879974365234
1648488942.641658,2.483825800347911,0.003072500228881836
1648488942.6516693,2.4778256172368542,0.0030677318572998047
1648488942.6616518,2.4815757316812648,0.003055572509765625
1648488942.6716619,2.4939511093478197,0.0030622482299804688
1648488942.6817033,2.4883259376812035,0.003085613250732422
1648488942.6916544,2.4802006897183144,0.003054380416870117
1648488942.7016509,2.4947011322367016,0.003052949905395508
1648488942.7118154,2.4864508804589986,0.0032126903533935547
1648488942.721801,2.4852008423108614,0.0032050609588623047
1648488942.7317991,2.4895759758293408,0.003198385238647461
1648488942.7417917,2.479450666829432,0.003195524215698242
1648488942.7517934,2.4844508194219794,0.0031921863555908203
1648488942.7617927,2.4769505905331584,0.003191709518432617
1648488942.7717931,2.472450453199866,0.003192901611328125
1648488942.7817953,2.4923260597552415,0.003195047378540039
1648488942.7917893,2.486575884273812,0.0031888484954833984
1648488942.8017914,2.4867008880886257,0.0031909942626953125
1648488942.8113513,2.4867008880886257,0.0027472972869873047
1648488942.8218286,2.4867008880886257,0.00322723388671875
1648488942.8318043,2.4885759453108314,0.003206968307495117
1648488942.8418007,2.4805757011627554,0.0032041072845458984
1648488942.8517938,2.48582586138493,0.003198862075805664
1648488942.8617752,2.4853258461256753,0.0031790733337402344
1648488942.8717942,2.4883259376812035,0.003198862075805664
1648488942.8817961,2.479575670644246,0.003195047378540039
1648488942.891819,2.4884509414960174,0.003218412399291992
1648488942.901809,2.4860758690145577,0.0032062530517578125
1648488942.9118314,2.483325785088656,0.0032041072845458984
1648488942.921796,2.483825800347911,0.0031960010528564453
1648488942.9317946,2.485450849940489,0.003195047378540039
1648488942.941778,2.483575792718284,0.0031769275665283203
1648488942.9517922,2.492576067384869,0.0032007694244384766
1648488942.9617949,2.477575609607227,0.0031952857971191406
1648488942.9717898,2.4924510635700554,0.003190279006958008
1648488942.9818377,2.500201300088504,0.003232240676879883
1648488942.991797,2.505701467940306,0.003193378448486328
1648488943.0017982,2.4828257698294016,0.003200054168701172
1648488943.011231,2.4935760979033783,0.002626657485961914
1648488943.0218022,2.500826319162572,0.003206968307495117
1648488943.0317452,2.5018263496810813,0.003150463104248047
1648488943.0418007,2.479450666829432,0.0032041072845458984
1648488943.0517962,2.4948261360515156,0.003199338912963867
1648488943.0617828,2.500326303903317,0.0031888484954833984
1648488943.0717885,2.491326029236732,0.003189563751220703
1648488943.0817869,2.4927010711996824,0.0031859874725341797
1648488943.0917826,2.4940761131626332,0.003184080123901367
1648488943.1017852,2.4930760826441234,0.003185272216796875
1648488943.1118193,2.491326029236732,0.003220081329345703
1648488943.1217868,2.49532615131077,0.0031867027282714844
1648488943.13178,2.48820093386639,0.00318145751953125
1648488943.1417856,2.4797006744590595,0.0031859874725341797
1648488943.1517804,2.487075899533067,0.0031824111938476562
1648488943.161787,2.491826044495987,0.003187417984008789
1648488943.1717854,2.481450727866451,0.0031859874725341797
1648488943.1817896,2.475200537125767,0.003190755844116211
1648488943.1917825,2.5025763725699637,0.0031838417053222656
1648488943.201784,2.48820093386639,0.003185272216796875
1648488943.2118685,2.483575792718284,0.0032682418823242188
1648488943.2218044,2.4719504379406114,0.0032072067260742188
1648488943.2317917,2.4923260597552415,0.0031969547271728516
1648488943.241797,2.486575884273812,0.0032024383544921875
1648488943.2517896,2.486950895718253,0.0031960010528564453
1648488943.2617893,2.4948261360515156,0.0031943321228027344
1648488943.2717824,2.4935760979033783,0.0031845569610595703
1648488943.2817845,2.494951139866329,0.003186941146850586
1648488943.2918322,2.4967011932737204,0.0032296180725097656
1648488943.3018084,2.498076235236671,0.003208160400390625
1648488943.3118746,2.501326334421827,0.003278017044067383
1648488943.321804,2.499701284829249,0.003201723098754883
1648488943.3318098,2.4970762047181614,0.003209352493286133
1648488943.3417969,2.4988262581255536,0.0031960010528564453
1648488943.3517954,2.496951200903348,0.0032007694244384766
1648488943.3612936,2.48345078890347,0.002657651901245117
1648488943.3714654,2.498076235236671,0.0028295516967773438
1648488943.3815436,2.5033263954588456,0.0028870105743408203
1648488943.3912573,2.4884509414960174,0.0026464462280273438
1648488943.4018562,2.483325785088656,0.003255128860473633
1648488943.4120033,2.496951200903348,0.0033953189849853516
1648488943.4216952,2.487575914792322,0.0030853748321533203
1648488943.4316642,2.4880759300515765,0.0030639171600341797
1648488943.4413853,2.4945761284218877,0.002789735794067383
1648488943.4516814,2.4930760826441234,0.003081798553466797
1648488943.4616108,2.4800756859035005,0.0030205249786376953
1648488943.471594,2.489450972014527,0.0030024051666259766
1648488943.4815836,2.483325785088656,0.0029981136322021484
1648488943.4915855,2.4863258766441847,0.002999544143676758
1648488943.501605,2.4887009491256444,0.0030117034912109375
1648488943.5115752,2.4872009033478806,0.0029914379119873047
1648488943.5217993,2.4892009643848994,0.003208160400390625
1648488943.5317948,2.486950895718253,0.0032045841217041016
1648488943.5417943,2.4853258461256753,0.003199338912963867
1648488943.5517795,2.48107571642201,0.003185272216796875
1648488943.5617971,2.4733254799035618,0.0032083988189697266
1648488943.5712855,2.4733254799035618,0.0026721954345703125
1648488943.5818033,2.4985762504959257,0.0032105445861816406
1648488943.5917907,2.4904510025330366,0.003201007843017578
1648488943.6017816,2.4800756859035005,0.003192424774169922
1648488943.611826,2.4852008423108614,0.0032303333282470703
1648488943.6213863,2.4902009949034087,0.002786874771118164
1648488943.6318154,2.4800756859035005,0.003222227096557617
1648488943.6417923,2.500201300088504,0.003202199935913086
1648488943.6517794,2.4859508651997437,0.003190755844116211
1648488943.661779,2.4753255409405805,0.003192901611328125
1648488943.671777,2.479075655384991,0.003191232681274414
1648488943.681775,2.4813257240516373,0.003182649612426758
1648488943.6917834,2.489450972014527,0.0031921863555908203
1648488943.7017791,2.4848258308664204,0.003188610076904297
1648488943.7117715,2.4845758232367934,0.0031800270080566406
1648488943.721777,2.479950682088687,0.003185749053955078
1648488943.731772,2.483325785088656,0.003186464309692383
1648488943.7417858,2.4837007965330975,0.003194093704223633
1648488943.751779,2.487325907162694,0.003186941146850586
1648488943.7617843,2.483200781273843,0.0031919479370117188
1648488943.771776,2.4888259529404584,0.003183603286743164
1648488943.7817743,2.4848258308664204,0.0031812191009521484
1648488943.7917738,2.4988262581255536,0.00318145751953125
1648488943.8017743,2.487075899533067,0.0031824111938476562
1648488943.811833,2.5014513382366403,0.003239154815673828
1648488943.8217947,2.5025763725699637,0.003204822540283203
1648488943.8317783,2.5055764641254923,0.0031914710998535156
1648488943.8417797,2.4762005676442764,0.0031919479370117188
1648488943.8517778,2.4900759910885952,0.0031919479370117188
1648488943.8617804,2.496201178014466,0.0031871795654296875
1648488943.8717859,2.5017013458662682,0.003193378448486328
1648488943.8817806,2.504326425977355,0.003187417984008789
1648488943.891783,2.4924510635700554,0.0031898021697998047
1648488943.9017568,2.482950773644215,0.003164529800415039
1648488943.9117868,2.491451033051546,0.0031952857971191406
1648488943.9217794,2.487325907162694,0.003186464309692383
1648488943.9317744,2.4977012237922303,0.0031824111938476562
1648488943.9417758,2.4840758079775385,0.003183603286743164
1648488943.9517808,2.5018263496810813,0.0031893253326416016
1648488943.9617734,2.5019513534958953,0.0031812191009521484
1648488943.971772,2.4947011322367016,0.0031805038452148438
1648488943.9817598,2.4939511093478197,0.003166675567626953
1648488943.991771,2.490951017792291,0.003185749053955078
1648488944.0017715,2.4992012695699946,0.0031807422637939453
1648488944.0118122,2.4963261818292795,0.003216981887817383
1648488944.0217602,2.491326029236732,0.0031731128692626953
1648488944.031785,2.4902009949034087,0.0031948089599609375
1648488944.0417802,2.4943261207922607,0.003191232681274414
1648488944.0517786,2.487825922421949,0.0031900405883789062
1648488944.0617716,2.4943261207922607,0.0031769275665283203
1648488944.071784,2.478950651570177,0.00319671630859375
1648488944.0817897,2.4734504837183753,0.003194570541381836
1648488944.0917828,2.470450392162847,0.003188610076904297
1648488944.1017776,2.4675753044221325,0.0031855106353759766
1648488944.1117706,2.499826288644063,0.003178119659423828
1648488944.121827,2.487325907162694,0.0032320022583007812
1648488944.1317878,2.4824507583849607,0.0031931400299072266
1648488944.141781,2.485450849940489,0.0031888484954833984
1648488944.1517816,2.4843258156071655,0.0031888484954833984
1648488944.161774,2.4805757011627554,0.0031816959381103516
1648488944.1712823,2.482950773644215,0.0026540756225585938
1648488944.181809,2.475075533310953,0.0029671192169189453
1648488944.191396,2.4982012390514847,0.0027892589569091797
1648488944.2016442,2.4898259834589678,0.002988100051879883
1648488944.2112865,2.4893259681997133,0.002660989761352539
1648488944.221781,2.4845758232367934,0.0031723976135253906
1648488944.2317712,2.4905760063478497,0.003164052963256836
1648488944.2417867,2.4868258919034396,0.003179788589477539
1648488944.2520223,2.490951017792291,0.0034034252166748047
1648488944.261814,2.4889509567552723,0.003220796585083008
1648488944.2719183,2.483075777459029,0.003312826156616211
1648488944.281877,2.491701040681173,0.0032510757446289062
1648488944.291737,2.485450849940489,0.0031507015228271484
1648488944.301721,2.4753255409405805,0.0031354427337646484
1648488944.3117187,2.4740755027924437,0.0031316280364990234
1648488944.3217225,2.4939511093478197,0.0031392574310302734
1648488944.3317504,2.4860758690145577,0.003148794174194336
1648488944.3416622,2.475950560014649,0.003076791763305664
1648488944.3516617,2.494951139866329,0.0030655860900878906
1648488944.3616407,2.4928260750144964,0.0030591487884521484
1648488944.3716712,2.4944511246070746,0.003073453903198242
1648488944.381644,2.492076052125614,0.0030608177185058594
1648488944.391663,2.4915760368663595,0.003067493438720703
1648488944.4016354,2.4929510788293103,0.0030536651611328125
1648488944.4116848,2.492201055940428,0.003100156784057617
1648488944.4218376,2.4939511093478197,0.0031595230102539062
1648488944.43135,2.4924510635700554,0.0027534961700439453
1648488944.441835,2.4880759300515765,0.003235340118408203
1648488944.45181,2.4895759758293408,0.0032148361206054688
1648488944.461804,2.487575914792322,0.0032041072845458984
1648488944.4718006,2.4895759758293408,0.0032029151916503906
1648488944.4818027,2.4933260902737513,0.0032033920288085938
1648488944.4917974,2.489450972014527,0.0032057762145996094
1648488944.5017984,2.496576189458907,0.003206014633178711
1648488944.5118022,2.496576189458907,0.0032045841217041016
1648488944.5217974,2.4919510483108005,0.003173351287841797
1648488944.5318062,2.4928260750144964,0.0032072067260742188
1648488944.541799,2.4945761284218877,0.0032002925872802734
1648488944.5517967,2.4915760368663595,0.003197908401489258
1648488944.5617998,2.4942011169774467,0.0032019615173339844
1648488944.5713718,2.4930760826441234,0.002763509750366211
1648488944.581804,2.4943261207922607,0.0032100677490234375
1648488944.5917819,2.4968261970885344,0.0031926631927490234
1648488944.6017845,2.4954511551255836,0.003195524215698242
1648488944.611849,2.4924510635700554,0.0032486915588378906
1648488944.6211963,2.4923260597552415,0.0026013851165771484
1648488944.631874,2.4908260139774776,0.0032699108123779297
1648488944.64182,2.4943261207922607,0.003223419189453125
1648488944.6518035,2.4928260750144964,0.0032074451446533203
1648488944.6618378,2.4924510635700554,0.0032355785369873047
1648488944.6718066,2.4927010711996824,0.0032062530517578125
1648488944.6818035,2.4945761284218877,0.003204345703125
1648488944.6917984,2.4947011322367016,0.003200531005859375
1648488944.701802,2.49532615131077,0.0032045841217041016
1648488944.711275,2.4915760368663595,0.0026481151580810547
1648488944.7214231,2.491826044495987,0.002786874771118164
1648488944.7318394,2.4930760826441234,0.0032346248626708984
1648488944.7418227,2.5032013916440325,0.003227710723876953
1648488944.7518048,2.4905760063478497,0.0032100677490234375
1648488944.7618117,2.5027013763847776,0.003219127655029297
1648488944.7718048,2.5025763725699637,0.0032052993774414062
1648488944.7818117,2.5025763725699637,0.003210783004760742
1648488944.791798,2.4824507583849607,0.0032045841217041016
1648488944.801798,2.4840758079775385,0.0032002925872802734
1648488944.8118503,2.4863258766441847,0.0032525062561035156
1648488944.8218389,2.496576189458907,0.0032434463500976562
1648488944.8317988,2.489075960570086,0.0032062530517578125
1648488944.841796,2.4903259987182227,0.0032041072845458984
1648488944.8517947,2.4885759453108314,0.003202676773071289
1648488944.8617973,2.4898259834589678,0.0031998157501220703
1648488944.8717964,2.4930760826441234,0.0031986236572265625
1648488944.8817954,2.491451033051546,0.0031974315643310547
1648488944.8918364,2.4863258766441847,0.0032341480255126953
1648488944.9018028,2.496951200903348,0.0032045841217041016
1648488944.9117975,2.494951139866329,0.003200054168701172
1648488944.9218266,2.50245136875515,0.0032358169555664062
1648488944.9318323,2.487575914792322,0.0032448768615722656
1648488944.9418101,2.5025763725699637,0.0032150745391845703
1648488944.951813,2.4797006744590595,0.0032188892364501953
1648488944.9618058,2.494951139866329,0.003207683563232422
1648488944.9713292,2.4950761436811426,0.002718687057495117
1648488944.9812722,2.5034513992736596,0.0026493072509765625
1648488944.9914205,2.482200750755333,0.0027878284454345703
1648488945.001304,2.504451429792169,0.002680540084838867
1648488945.0112612,2.504451429792169,0.0026481151580810547
1648488945.021232,2.4859508651997437,0.0026285648345947266
1648488945.0317378,2.495951170384838,0.0031385421752929688
1648488945.0418372,2.4932010864589373,0.003223896026611328
1648488945.0518138,2.4970762047181614,0.0032248497009277344
1648488945.061745,2.496201178014466,0.0031595230102539062
1648488945.0718665,2.49532615131077,0.0032722949981689453
1648488945.0818532,2.5038264107181005,0.0032334327697753906
1648488945.091734,2.500326303903317,0.003145933151245117
1648488945.1017208,2.48820093386639,0.0031311511993408203
1648488945.1117172,2.5014513382366403,0.0031321048736572266
1648488945.1217163,2.4813257240516373,0.0031332969665527344
1648488945.1318383,2.496576189458907,0.0032439231872558594
1648488945.1418161,2.490951017792291,0.003214597702026367
1648488945.1518013,2.491826044495987,0.003206491470336914
1648488945.161808,2.487450910977508,0.0032083988189697266
1648488945.1718059,2.489075960570086,0.0032122135162353516
1648488945.1818135,2.4884509414960174,0.0032155513763427734
1648488945.1918113,2.4940761131626332,0.0032117366790771484
1648488945.2018046,2.489450972014527,0.0032045841217041016
1648488945.2111917,2.4887009491256444,0.0025954246520996094
1648488945.2218206,2.498451246681112,0.0032236576080322266
1648488945.2318063,2.4948261360515156,0.0032117366790771484
1648488945.2413964,2.4940761131626332,0.0028014183044433594
1648488945.2518516,2.4872009033478806,0.0032510757446289062
1648488945.2618065,2.5034513992736596,0.003205537796020508
1648488945.2718072,2.4885759453108314,0.003212451934814453
1648488945.281808,2.503951414532914,0.0032088756561279297
1648488945.2918017,2.485450849940489,0.003209352493286133
1648488945.3018003,2.5030763878292186,0.003206968307495117
1648488945.3118024,2.481200720236824,0.003203153610229492
1648488945.3217933,2.4994512771996216,0.00319671630859375
1648488945.3318887,2.48820093386639,0.003278493881225586
1648488945.3418229,2.5033263954588456,0.0032215118408203125
1648488945.351805,2.4919510483108005,0.003206014633178711
1648488945.361798,2.4942011169774467,0.003201007843017578
1648488945.3718996,2.4903259987182227,0.003303050994873047
1648488945.381831,2.4938261055330058,0.003229856491088867
1648488945.391803,2.4990762657551806,0.003206968307495117
1648488945.4017935,2.499701284829249,0.00319671630859375
1648488945.4118555,2.4910760216071046,0.0032563209533691406
1648488945.421822,2.4879509262367625,0.0032279491424560547
1648488945.4318101,2.4923260597552415,0.0032150745391845703
1648488945.441801,2.494951139866329,0.0032072067260742188
1648488945.4517975,2.4738254951628162,0.003204822540283203
1648488945.461803,2.4945761284218877,0.003206968307495117
1648488945.4717982,2.4955761589403975,0.0031998157501220703
1648488945.4817984,2.4908260139774776,0.0032019615173339844
1648488945.4917922,2.466450270088809,0.0031957626342773438
1648488945.501799,2.5094515823847163,0.0032014846801757812
1648488945.5118005,2.483325785088656,0.003204345703125
1648488945.5217612,2.4725754570146794,0.0031642913818359375
1648488945.531805,2.474575518051698,0.003206491470336914
1648488945.5417917,2.504451429792169,0.003193378448486328
1648488945.55179,2.4849508346812343,0.0031938552856445312
1648488945.561799,2.4859508651997437,0.0032029151916503906
1648488945.5714083,2.4762005676442764,0.0027399063110351562
1648488945.5818458,2.4804506973479414,0.003247499465942383
1648488945.591816,2.4919510483108005,0.003220796585083008
1648488945.6018112,2.4940761131626332,0.003216266632080078
1648488945.6111968,2.4867008880886257,0.002603292465209961
1648488945.621817,2.4849508346812343,0.0032210350036621094
1648488945.6318026,2.4862008728293707,0.0032095909118652344
1648488945.6418009,2.499826288644063,0.003208637237548828
1648488945.6517966,2.4819507431257057,0.0032041072845458984
1648488945.6617858,2.504326425977355,0.0031883716583251953
1648488945.6718082,2.499326273384808,0.003214120864868164
1648488945.6818001,2.4974512161626023,0.0032014846801757812
1648488945.6917884,2.4815757316812648,0.003191232681274414
1648488945.701795,2.495826166570025,0.0031991004943847656
1648488945.711797,2.4899509872737817,0.0032007694244384766
1648488945.7217944,2.492576067384869,0.003198862075805664
1648488945.7318048,2.48820093386639,0.0032079219818115234
1648488945.741849,2.487075899533067,0.003254413604736328
1648488945.7518203,2.4862008728293707,0.003221750259399414
1648488945.761809,2.48820093386639,0.00321197509765625
1648488945.771792,2.494951139866329,0.0031938552856445312
1648488945.781796,2.4937011017181923,0.0032074451446533203
1648488945.7912712,2.486575884273812,0.0026502609252929688
1648488945.801448,2.4784506363109227,0.0028243064880371094
1648488945.8113923,2.487075899533067,0.002763986587524414
1648488945.8212357,2.4809507126071964,0.0026319026947021484
1648488945.8312302,2.487825922421949,0.0026292800903320312
1648488945.8412342,2.486575884273812,0.0026323795318603516
1648488945.8512926,2.4872009033478806,0.002679586410522461
1648488945.8612576,2.489075960570086,0.0026497840881347656
1648488945.8719406,2.4932010864589373,0.003336668014526367
1648488945.8814125,2.4824507583849607,0.002785205841064453
1648488945.8918374,2.487825922421949,0.0032334327697753906
1648488945.901814,2.475450544755394,0.003220796585083008
1648488945.9118004,2.4800756859035005,0.003202199935913086
1648488945.9218078,2.482950773644215,0.003215312957763672
1648488945.931739,2.500576311532945,0.0031442642211914062
1648488945.9417155,2.4780756248664817,0.0031299591064453125
1648488945.9517071,2.4994512771996216,0.0031180381774902344
1648488945.9617136,2.483825800347911,0.0031309127807617188
1648488945.9717054,2.493451094088565,0.003116607666015625
1648488945.981705,2.4848258308664204,0.0031232833862304688
1648488945.9917233,2.477575609607227,0.0031392574310302734
1648488946.001721,2.483575792718284,0.003131389617919922
1648488946.0117452,2.496576189458907,0.0031576156616210938
1648488946.021725,2.4880759300515765,0.003139495849609375
1648488946.0317636,2.4843258156071655,0.0031692981719970703
1648488946.041849,2.4847008270516064,0.0032515525817871094
1648488946.0513299,2.4968261970885344,0.002711057662963867
1648488946.0618227,2.492201055940428,0.0032210350036621094
1648488946.07181,2.4907010101626637,0.003216266632080078
1648488946.0818038,2.4872009033478806,0.003207683563232422
1648488946.0912652,2.477575609607227,0.0026466846466064453
1648488946.1013796,2.4899509872737817,0.002758026123046875
1648488946.1118333,2.487700918607135,0.003231048583984375
1648488946.1218078,2.4982012390514847,0.0032138824462890625
1648488946.131814,2.494951139866329,0.003217458724975586
1648488946.1418102,2.4923260597552415,0.003215312957763672
1648488946.151808,2.4954511551255836,0.003213167190551758
1648488946.161824,2.4902009949034087,0.003228902816772461
1648488946.1718094,2.4915760368663595,0.003210783004760742
1648488946.1818047,2.4948261360515156,0.0032122135162353516
1648488946.191803,2.4884509414960174,0.0032050609588623047
1648488946.2018065,2.4919510483108005,0.003214120864868164
1648488946.2118244,2.5054514603106783,0.003228425979614258
1648488946.2218168,2.4992012695699946,0.003224611282348633
1648488946.2318172,2.489075960570086,0.003200531005859375
1648488946.2418084,2.4992012695699946,0.0032167434692382812
1648488946.2518091,2.489450972014527,0.003216981887817383
1648488946.2618017,2.508076540421766,0.0032057762145996094
1648488946.271808,2.4848258308664204,0.0032110214233398438
1648488946.2818122,2.5038264107181005,0.0032172203063964844
1648488946.291808,2.4883259376812035,0.0032155513763427734
1648488946.3018005,2.4929510788293103,0.0032079219818115234
1648488946.3117983,2.4868258919034396,0.003208160400390625
1648488946.321804,2.4893259681997133,0.0032126903533935547
1648488946.3318439,2.4935760979033783,0.003228425979614258
1648488946.3418105,2.4903259987182227,0.0032105445861816406
1648488946.351304,2.4912010254219186,0.0026917457580566406
1648488946.361825,2.4879509262367625,0.003223419189453125
1648488946.3718092,2.489450972014527,0.0032091140747070312
1648488946.3818066,2.5010763267921994,0.0032088756561279297
1648488946.391799,2.4848258308664204,0.0032007694244384766
1648488946.4018009,2.5015763420514543,0.0032041072845458984
1648488946.4118364,2.486575884273812,0.003236532211303711
1648488946.4218144,2.490951017792291,0.0032227039337158203
1648488946.4318125,2.500451307718131,0.0031943321228027344
1648488946.441804,2.491326029236732,0.0032117366790771484
1648488946.451797,2.500826319162572,0.0032041072845458984
1648488946.4618046,2.5014513382366403,0.0032067298889160156
1648488946.471808,2.478575640125736,0.003214597702026367
1648488946.4818032,2.495701162755211,0.003206491470336914
1648488946.4918022,2.506701498458815,0.0032045841217041016
1648488946.5017984,2.4804506973479414,0.003203153610229492
1648488946.511792,2.500576311532945,0.0031960010528564453
1648488946.5224404,2.5012013306070133,0.003844022750854492
1648488946.5318701,2.4868258919034396,0.003244638442993164
1648488946.5418136,2.4845758232367934,0.0032143592834472656
1648488946.551848,2.4944511246070746,0.003255605697631836
1648488946.56181,2.505326456495865,0.0032105445861816406
1648488946.5713193,2.4815757316812648,0.002722024917602539
1648488946.5818293,2.4933260902737513,0.00323486328125
1648488946.5917847,2.4868258919034396,0.003192424774169922
1648488946.601265,2.502076357310709,0.0026509761810302734
1648488946.6116085,2.4872009033478806,0.0029876232147216797
1648488946.621599,2.487325907162694,0.0029282569885253906
1648488946.6316202,2.4950761436811426,0.002981901168823242
1648488946.6414983,2.503576403088473,0.002855539321899414
1648488946.6514115,2.487325907162694,0.0027806758880615234
1648488946.6617577,2.499326273384808,0.0031533241271972656
1648488946.671718,2.5050764488662374,0.003116607666015625
1648488946.6820374,2.509326578569903,0.0031604766845703125
1648488946.6920285,2.5033263954588456,0.003139972686767578
1648488946.7019858,2.4989512619403667,0.0031280517578125
1648488946.7120762,2.49532615131077,0.0032148361206054688
1648488946.7220933,2.4933260902737513,0.0031528472900390625
1648488946.7320406,2.4937011017181923,0.0031943321228027344
1648488946.7416,2.4955761589403975,0.002813577651977539
1648488946.7515097,2.4944511246070746,0.002802133560180664
1648488946.7614965,2.4945761284218877,0.0027933120727539062
1648488946.7715666,2.503951414532914,0.0028417110443115234
1648488946.7815263,2.4939511093478197,0.002801656723022461
1648488946.7914953,2.4817007354960787,0.0027947425842285156
1648488946.8014925,2.477450605792413,0.0027930736541748047
1648488946.811494,2.5025763725699637,0.002794981002807617
1648488946.8215568,2.491451033051546,0.0028171539306640625
1648488946.8314934,2.4864508804589986,0.0027914047241210938
1648488946.841506,2.470450392162847,0.0028052330017089844
1648488946.851504,2.4738254951628162,0.0027990341186523438
1648488946.8618314,2.493451094088565,0.003129720687866211
1648488946.8713896,2.4927010711996824,0.0028150081634521484
1648488946.8813756,2.483575792718284,0.0028030872344970703
1648488946.891404,2.477575609607227,0.0028290748596191406
1648488946.901374,2.491701040681173,0.0028045177459716797
1648488946.911363,2.4884509414960174,0.0027909278869628906
1648488946.9213479,2.4979512314218573,0.0027778148651123047
1648488946.931365,2.4880759300515765,0.0027916431427001953
1648488946.941349,2.4939511093478197,0.0027756690979003906
1648488946.9513597,2.492076052125614,0.0027887821197509766
1648488946.9615514,2.4948261360515156,0.0029764175415039062
1648488946.9713874,2.4883259376812035,0.002816915512084961
1648488946.981367,2.4892009643848994,0.002794504165649414
1648488946.9913614,2.4872009033478806,0.0027914047241210938
1648488947.0013647,2.4884509414960174,0.002791881561279297
1648488947.0113668,2.485450849940489,0.002797365188598633
1648488947.041941,2.48582586138493,0.023366451263427734
1648488947.0452824,2.481200720236824,0.002832174301147461
1648488947.0485177,2.479450666829432,0.002823352813720703
1648488947.0517254,2.479575670644246,0.002801656723022461
1648488947.0613692,2.4769505905331584,0.002797365188598633
1648488947.0713584,2.4994512771996216,0.002785921096801758
1648488947.0813563,2.4859508651997437,0.00278472900390625
1648488947.0913541,2.476825586718345,0.0027837753295898438
1648488947.1013694,2.482575762199774,0.0027992725372314453
1648488947.1113584,2.487075899533067,0.0027875900268554688
1648488947.1213555,2.487450910977508,0.002785921096801758
1648488947.13135,2.4967011932737204,0.002778768539428711
1648488947.1413481,2.4805757011627554,0.0027790069580078125
1648488947.1513443,2.489450972014527,0.0027761459350585938
1648488947.1613479,2.4862008728293707,0.0027790069580078125
1648488947.1713495,2.4974512161626023,0.002779245376586914
1648488947.1813529,2.4919510483108005,0.0027811527252197266
1648488947.1913533,2.4879509262367625,0.0027828216552734375
1648488947.2013469,2.4813257240516373,0.0027778148651123047
1648488947.211354,2.487700918607135,0.002785205841064453
1648488947.2213924,2.4915760368663595,0.0028197765350341797
1648488947.2313638,2.4813257240516373,0.0027909278869628906
1648488947.2413614,2.4893259681997133,0.0027904510498046875
1648488947.2514358,2.485450849940489,0.0028221607208251953
1648488947.2613676,2.4713254188665426,0.0027930736541748047
1648488947.271363,2.3605720389416183,0.002789735794067383
1648488947.281372,2.3973231604968412,0.0027976036071777344
1648488947.2913632,2.395948118533891,0.002791166305541992
1648488947.3013504,2.412448622089297,0.002781391143798828
1648488947.3113592,2.39457307657094,0.002786397933959961
1648488947.3213515,2.3924480117191074,0.0027818679809570312
1648488947.331372,2.3874478591265604,0.002801179885864258
1648488947.341359,2.399823236793115,0.002785921096801758
1648488947.3513513,2.390697958311716,0.002781391143798828
1648488947.3613908,2.3774475539414657,0.0028159618377685547
1648488947.37136,2.4031983397930845,0.002788543701171875
1648488947.3813553,2.3813226722006897,0.002785921096801758
1648488947.391356,2.3953230994598225,0.0027844905853271484
1648488947.4013453,2.386572832422864,0.0027756690979003906
1648488947.4114618,2.3843227637562183,0.0028705596923828125
1648488947.421816,2.3849477828302867,0.003207683563232422
1648488947.4382029,2.386322824793237,0.009608745574951172
1648488947.4415462,2.3883228858302563,0.002683401107788086
1648488947.4512286,2.405448408459731,0.0026273727416992188
1648488947.461819,2.403573351237526,0.00321197509765625
1648488947.471332,2.3975731681264687,0.002698659896850586
1648488947.4819272,2.389947935422834,0.003333568572998047
1648488947.495001,2.4005732596819973,0.006384849548339844
1648488947.501832,2.3929480269783623,0.0032455921173095703
1648488947.511826,2.4004482558671834,0.003239870071411133
1648488947.5218074,2.4009482711264383,0.003215789794921875
1648488947.531795,2.3968231452375863,0.003208160400390625
1648488947.5417533,2.399948240607929,0.0031523704528808594
1648488947.5517104,2.3938230536820586,0.003130197525024414
1648488947.5617251,2.399448225348674,0.0031414031982421875
1648488947.571877,2.393448042237617,0.0032885074615478516
1648488947.5817487,2.39932322153386,0.0031507015228271484
1648488947.5917182,2.3851977904599138,0.0031251907348632812
1648488947.6017199,2.4090735190893278,0.0031261444091796875
1648488947.6117275,2.382822717978454,0.0031328201293945312
1648488947.6217644,2.408073488570818,0.0031747817993164062
1648488947.6317244,2.4020733054597616,0.0031294822692871094
1648488947.641814,2.419698843348491,0.003210783004760742
1648488947.6518064,2.422323923459578,0.0032186508178710938
1648488947.6618023,2.411448591570788,0.003210783004760742
1648488947.6717985,2.3918229926450394,0.0032074451446533203
1648488947.6817923,2.409698538163396,0.0032091140747070312
1648488947.6918037,2.416448744163335,0.0032143592834472656
1648488947.701785,2.4031983397930845,0.0031952857971191406
1648488947.7117987,2.40169829401532,0.0031981468200683594
1648488947.7217913,2.399948240607929,0.003206014633178711
1648488947.7317936,2.4143236793115026,0.0032024383544921875
1648488947.7422261,2.4170737632374037,0.003611326217651367
1648488947.7512374,2.394323068941313,0.0026264190673828125
1648488947.7618198,2.412698629718925,0.0032279491424560547
1648488947.7718003,2.399573229163488,0.0032088756561279297
1648488947.7817948,2.4154487136448255,0.0032052993774414062
1648488947.791795,2.390572954496902,0.003204345703125
1648488947.8020017,2.4130736411633658,0.0034127235412597656
1648488947.811805,2.3983231910153506,0.0032126903533935547
1648488947.8218603,2.411823603015229,0.003262758255004883
1648488947.831788,2.385947813348796,0.0032052993774414062
1648488947.8418324,2.407323465681936,0.0032303333282470703
1648488947.851802,2.398948210089419,0.003215789794921875
1648488947.861799,2.3939480574968717,0.0032074451446533203
1648488947.8717926,2.40507339701529,0.0032019615173339844
1648488947.8817897,2.391072969756157,0.0032014846801757812
1648488947.8917863,2.41219861445967,0.0031960010528564453
1648488947.9017947,2.3894479201635797,0.0032045841217041016
1648488947.9117954,2.4006982634968113,0.003204822540283203
1648488947.9218025,2.4023233130893886,0.0032122135162353516
1648488947.9317906,2.398198187200537,0.0032012462615966797
1648488947.9418192,2.385947813348796,0.0032300949096679688
1648488947.95179,2.391947996459853,0.003200531005859375
1648488947.9617062,2.382322702719199,0.003115415573120117
1648488947.971798,2.378072573015534,0.003207683563232422
1648488947.9817905,2.4065734427930536,0.003201723098754883
1648488947.991796,2.391572985015412,0.003210783004760742
1648488948.001784,2.3829477217932675,0.0031964778900146484
1648488948.0117857,2.391197973570971,0.00319671630859375
1648488948.0218556,2.3933230384228037,0.003259420394897461
1648488948.0317852,2.3933230384228037,0.0032019615173339844
1648488948.0418277,2.394823084200568,0.0032258033752441406
1648488948.0517905,2.3856978057191687,0.003206968307495117
1648488948.0617936,2.3851977904599138,0.003202199935913086
1648488948.0717876,2.391197973570971,0.0032019615173339844
1648488948.081792,2.3958231147190774,0.0032014846801757812
1648488948.0917897,2.3979481795709097,0.003200531005859375
1648488948.1017861,2.3980731833857236,0.00319671630859375
1648488948.1117857,2.383197729422895,0.003197193145751953
1648488948.1217873,2.40032325205237,0.003199338912963867
1648488948.1317952,2.4008232673116243,0.0032057762145996094
1648488948.1418056,2.4020733054597616,0.0032172203063964844
1648488948.1517818,2.3853227942747277,0.0031926631927490234
1648488948.161781,2.392823023163549,0.0031921863555908203
1648488948.1717927,2.389947935422834,0.0032033920288085938
1648488948.1817882,2.3885728934598833,0.0032002925872802734
1648488948.1918435,2.392823023163549,0.0032432079315185547
1648488948.2018094,2.39557310708945,0.0032148361206054688
1648488948.2117958,2.4020733054597616,0.003204822540283203
1648488948.2218504,2.388822901089511,0.003253459930419922
1648488948.2318153,2.4064484389782406,0.003211498260498047
1648488948.2412617,2.3961981261635183,0.0026488304138183594
1648488948.252073,2.4128236335337383,0.0034830570220947266
1648488948.261304,2.3889479049043247,0.0026750564575195312
1648488948.2713914,2.4061984313486127,0.0027701854705810547
1648488948.2812319,2.4115735953856015,0.0026383399963378906
1648488948.2918537,2.4138236640522477,0.0032596588134765625
1648488948.3012283,2.399198217719047,0.002631664276123047
1648488948.319874,2.4058234199041717,0.0028831958770751953
1648488948.323762,2.4071984618671225,0.0026650428771972656
1648488948.3312597,2.394823084200568,0.002657651901245117
1648488948.3418672,2.401448286385693,0.003266572952270508
1648488948.3520074,2.4141986754966887,0.003245115280151367
1648488948.3615823,2.3976981719412827,0.002995014190673828
1648488948.3715434,2.412573625904111,0.0029680728912353516
1648488948.3815784,2.4084485000152593,0.0029990673065185547
1648488948.3915372,2.4070734580523085,0.002964019775390625
1648488948.401547,2.3964481337931454,0.002974271774291992
1648488948.4115412,2.408198492385632,0.002961397171020508
1648488948.4215872,2.3971981566820277,0.0030019283294677734
1648488948.4315324,2.398698202459792,0.0029594898223876953
1648488948.4415283,2.4023233130893886,0.0029489994049072266
1648488948.4518113,2.4130736411633658,0.0032117366790771484
1648488948.4623764,2.407823480941191,0.0037927627563476562
1648488948.4718115,2.4101985534226507,0.003219127655029297
1648488948.4817896,2.4070734580523085,0.0032014846801757812
1648488948.491796,2.407823480941191,0.003206491470336914
1648488948.5017989,2.4040733664967804,0.003210306167602539
1648488948.5112615,2.410948576311533,0.0026443004608154297
1648488948.521827,2.4009482711264383,0.0032303333282470703
1648488948.531807,2.4135736564226202,0.003213644027709961
1648488948.5417743,2.412323618274484,0.0031905174255371094
1648488948.5517998,2.410948576311533,0.003214120864868164
1648488948.5617745,2.412448622089297,0.003186464309692383
1648488948.5715418,2.386572832422864,0.0029535293579101562
1648488948.5818243,2.4058234199041717,0.003236532211303711
1648488948.5917883,2.4060734275337996,0.0032041072845458984
1648488948.6017928,2.4089485152745143,0.0032083988189697266
1648488948.6117818,2.403823358867153,0.003199338912963867
1648488948.6218746,2.407323465681936,0.003274202346801758
1648488948.6317832,2.405448408459731,0.0032012462615966797
1648488948.641807,2.403823358867153,0.003204345703125
1648488948.6517851,2.4091985229041413,0.0032012462615966797
1648488948.6617913,2.3924480117191074,0.0032079219818115234
1648488948.6717858,2.4110735801263465,0.003197193145751953
1648488948.6817968,2.403073335978271,0.0032079219818115234
1648488948.6917899,2.4053234046449172,0.003200531005859375
1648488948.7017863,2.4049483932004763,0.0031976699829101562
1648488948.7117896,2.395073091830195,0.003201007843017578
1648488948.7217836,2.396323129978332,0.0031952857971191406
1648488948.7317805,2.4020733054597616,0.0031926631927490234
1648488948.7417803,2.402573320719016,0.003192424774169922
1648488948.7518108,2.4028233283486435,0.0031991004943847656
1648488948.7617817,2.4060734275337996,0.0031948089599609375
1648488948.7717848,2.398948210089419,0.00319671630859375
1648488948.7817798,2.3976981719412827,0.003192901611328125
1648488948.7917852,2.408573503830073,0.00319671630859375
1648488948.8018274,2.3976981719412827,0.00323486328125
1648488948.8117921,2.4019483016449477,0.0032045841217041016
1648488948.821843,2.3958231147190774,0.0032486915588378906
1648488948.8318086,2.4143236793115026,0.0032057762145996094
1648488948.841794,2.391447981200598,0.0031931400299072266
1648488948.851289,2.4021983092745747,0.002678394317626953
1648488948.8614247,2.401448286385693,0.0028035640716552734
1648488948.871832,2.4051984008301033,0.003235340118408203
1648488948.8818045,2.4031983397930845,0.0032205581665039062
1648488948.891826,2.4105735648670916,0.00323486328125
1648488948.9018126,2.394823084200568,0.0032281875610351562
1648488948.9117956,2.415323709830012,0.003207683563232422
1648488948.921805,2.3975731681264687,0.003219127655029297
1648488948.9317975,2.4065734427930536,0.0032067298889160156
1648488948.9417787,2.408573503830073,0.003198385238647461
1648488948.9523897,2.4001982482375563,0.003787994384765625
1648488948.961813,2.4104485610522786,0.0032258033752441406
1648488948.9717894,2.3971981566820277,0.0032002925872802734
1648488948.9817817,2.3960731223487044,0.0031936168670654297
1648488948.9917817,2.40744846949675,0.003193378448486328
