pi_time,voltage,test_duration
1649444617.2032576,2.5134517044587543,0.002566099166870117
1649444617.2136183,2.512701681569872,0.0029180049896240234
1649444617.2234836,2.5140767235328227,0.002820253372192383
1649444617.2334826,2.514576738792077,0.0028221607208251953
1649444617.2436755,2.5139517197180092,0.003014087677001953
1649444617.2535021,2.513326700643941,0.002841472625732422
1649444617.2635458,2.513201696829127,0.00287628173828125
1649444617.2734756,2.513076693014313,0.0028138160705566406
1649444617.283467,2.5138267159031953,0.0028066635131835938
1649444617.293455,2.512826685384686,0.002795696258544922
1649444617.3035011,2.512701681569872,0.0028405189514160156
1649444617.3134716,2.514826746421705,0.0028090476989746094
1649444617.3235126,2.513326700643941,0.0028488636016845703
1649444617.3334603,2.515076754051332,0.002799510955810547
1649444617.3434765,2.513576708273568,0.002818584442138672
1649444617.3534708,2.512326670125431,0.0028083324432373047
1649444617.3634565,2.513201696829127,0.0027980804443359375
1649444617.3734655,2.5139517197180092,0.0028040409088134766
1649444617.3834462,2.514576738792077,0.0027844905853271484
1649444617.3946252,2.51432673116245,0.003962039947509766
1649444617.4034858,2.5142017273476363,0.002820253372192383
1649444617.4134521,2.512826685384686,0.002793550491333008
1649444617.4234505,2.512701681569872,0.002788066864013672
1649444617.4334497,2.513701712088382,0.002787351608276367
1649444617.4434419,2.5118266548661765,0.002781391143798828
1649444617.4534867,2.5129516891995,0.0028235912322998047
1649444617.463457,2.513201696829127,0.002796173095703125
1649444617.4734526,2.5139517197180092,0.002790689468383789
1649444617.4834497,2.5138267159031953,0.002791166305541992
1649444617.4935343,2.5142017273476363,0.002868175506591797
1649444617.503486,2.512701681569872,0.0028228759765625
1649444617.5135403,2.513576708273568,0.0028722286224365234
1649444617.5234988,2.514701742606891,0.0028340816497802734
1649444617.5334601,2.5155767693105866,0.0028002262115478516
1649444617.5434828,2.513201696829127,0.002824068069458008
1649444617.5534513,2.5117016510513626,0.002791881561279297
1649444617.5634646,2.513201696829127,0.0028073787689208984
1649444617.573444,2.513701712088382,0.0027818679809570312
1649444617.5834606,2.513201696829127,0.0027997493743896484
1649444617.5934408,2.512451673940245,0.0027806758880615234
1649444617.6034412,2.514701742606891,0.0027801990509033203
1649444617.613442,2.5152017578661456,0.0027806758880615234
1649444617.6234388,2.512326670125431,0.0027780532836914062
1649444617.6334746,2.514451734977264,0.0028162002563476562
1649444617.6434393,2.512701681569872,0.0027790069580078125
1649444617.6534379,2.5139517197180092,0.0027778148651123047
1649444617.6634371,2.513201696829127,0.0027768611907958984
1649444617.6734393,2.514576738792077,0.0027780532836914062
1649444617.6834524,2.514451734977264,0.0027923583984375
1649444617.693437,2.512451673940245,0.0027763843536376953
1649444617.7034557,2.513576708273568,0.0027959346771240234
1649444617.713438,2.5134517044587543,0.0027790069580078125
1649444617.7234852,2.5138267159031953,0.002825021743774414
1649444617.7334726,2.513201696829127,0.002811908721923828
1649444617.743472,2.5140767235328227,0.0028133392333984375
1649444617.753459,2.513201696829127,0.0028007030487060547
1649444617.7635584,2.5139517197180092,0.0028841495513916016
1649444617.7736971,2.513701712088382,0.003033161163330078
1649444617.7835495,2.513326700643941,0.0028820037841796875
1649444617.7934456,2.514701742606891,0.002745389938354492
1649444617.80335,2.513576708273568,0.002669095993041992
1649444617.8134472,2.5139517197180092,0.002743244171142578
1649444617.8233526,2.5140767235328227,0.002669095993041992
1649444617.833332,2.513201696829127,0.002650022506713867
1649444617.843444,2.51432673116245,0.0027408599853515625
1649444617.8533554,2.514576738792077,0.002671480178833008
1649444617.8634887,2.513701712088382,0.0027832984924316406
1649444617.8733506,2.5139517197180092,0.002666473388671875
1649444617.8835492,2.5134517044587543,0.0028421878814697266
1649444617.8933132,2.5140767235328227,0.0026285648345947266
1649444617.9038503,2.513326700643941,0.003152608871459961
1649444617.914103,2.514701742606891,0.003426790237426758
1649444617.9233193,2.5149517502365186,0.0026335716247558594
1649444617.9339123,2.5142017273476363,0.003239154815673828
1649444617.9433584,2.5154517654957735,0.002660989761352539
1649444617.9538996,2.513576708273568,0.00322723388671875
1649444617.9634762,2.513576708273568,0.0027704238891601562
1649444617.9739306,2.51432673116245,0.003254413604736328
1649444617.9833584,2.5149517502365186,0.0026624202728271484
1649444617.9939144,2.514451734977264,0.0032417774200439453
1649444618.0038924,2.5139517197180092,0.0032215118408203125
1649444618.0133529,2.5140767235328227,0.002658367156982422
1649444618.023919,2.513576708273568,0.0032444000244140625
1649444618.0334618,2.512701681569872,0.002781391143798828
1649444618.0433936,2.5138267159031953,0.002681732177734375
1649444618.0539217,2.5139517197180092,0.0032482147216796875
1649444618.0639074,2.5153267616809596,0.003231525421142578
1649444618.0738945,2.5153267616809596,0.003222942352294922
1649444618.083899,2.5129516891995,0.0032274723052978516
1649444618.093929,2.5138267159031953,0.003229379653930664
1649444618.1038902,2.5140767235328227,0.0032160282135009766
1649444618.113884,2.514826746421705,0.0032088756561279297
1649444618.1239476,2.515076754051332,0.0032682418823242188
1649444618.1339195,2.5140767235328227,0.003244638442993164
1649444618.1438987,2.5129516891995,0.00322723388671875
1649444618.1538918,2.5155767693105866,0.0032215118408203125
1649444618.1638975,2.514576738792077,0.003227710723876953
1649444618.1738887,2.514576738792077,0.0032138824462890625
1649444618.1838818,2.514576738792077,0.0032067298889160156
1649444618.1939156,2.5149517502365186,0.003246307373046875
1649444618.2038875,2.515076754051332,0.003212451934814453
1649444618.213887,2.5139517197180092,0.003212451934814453
1649444618.2238827,2.51432673116245,0.003207683563232422
1649444618.2338865,2.5138267159031953,0.003213167190551758
1649444618.2438655,2.5153267616809596,0.003192424774169922
1649444618.2539015,2.513201696829127,0.0032100677490234375
1649444618.2639492,2.513701712088382,0.003263235092163086
1649444618.2738929,2.514576738792077,0.003222227096557617
1649444618.284487,2.513326700643941,0.0038080215454101562
1649444618.2939749,2.5153267616809596,0.003290891647338867
1649444618.3039117,2.514451734977264,0.00323486328125
1649444618.313898,2.514451734977264,0.003222227096557617
1649444618.3239493,2.5154517654957735,0.003269195556640625
1649444618.3338945,2.5157017731254006,0.003221750259399414
1649444618.3439124,2.514826746421705,0.0032193660736083984
1649444618.3538897,2.5142017273476363,0.003220081329345703
1649444618.3638885,2.5149517502365186,0.003215789794921875
1649444618.3738904,2.5159517807550276,0.0032167434692382812
1649444618.3838823,2.5138267159031953,0.0032091140747070312
1649444618.3938997,2.5140767235328227,0.0032258033752441406
1649444618.4044385,2.51432673116245,0.0037689208984375
1649444618.4139009,2.514701742606891,0.0032262802124023438
1649444618.423879,2.5140767235328227,0.0032050609588623047
1649444618.433878,2.5149517502365186,0.003203153610229492
1649444618.4438808,2.513201696829127,0.003206491470336914
1649444618.4538786,2.514576738792077,0.0032062530517578125
1649444618.4638803,2.513201696829127,0.0032083988189697266
1649444618.4738822,2.5142017273476363,0.003208637237548828
1649444618.4838748,2.5154517654957735,0.0032024383544921875
1649444618.4933915,2.51432673116245,0.0026841163635253906
1649444618.5033128,2.514826746421705,0.002633810043334961
1649444618.5139303,2.5160767845698415,0.0032567977905273438
1649444618.5233035,2.5158267769402145,0.002622365951538086
1649444618.5339122,2.5152017578661456,0.003237009048461914
1649444618.543912,2.515076754051332,0.003240346908569336
1649444618.5539064,2.5142017273476363,0.003233671188354492
1649444618.5638952,2.5153267616809596,0.003217935562133789
1649444618.5738933,2.514826746421705,0.003217935562133789
1649444618.58394,2.5149517502365186,0.0032584667205810547
1649444618.593904,2.5139517197180092,0.0032253265380859375
1649444618.6039014,2.514826746421705,0.0032231807708740234
1649444618.6138968,2.5159517807550276,0.0032188892364501953
1649444618.623891,2.51432673116245,0.0032122135162353516
1649444618.6333647,2.5152017578661456,0.0026612281799316406
1649444618.6439178,2.5155767693105866,0.0032434463500976562
1649444618.6534193,2.5155767693105866,0.002713441848754883
1649444618.6639333,2.5162017883846555,0.003249645233154297
1649444618.6739156,2.5213269447920164,0.003239870071411133
1649444618.68389,2.5248270516067994,0.00321197509765625
1649444618.6938977,2.518576860866115,0.0032241344451904297
1649444618.7038918,2.5299522080141608,0.0032148361206054688
1649444618.71389,2.5142017273476363,0.0032117366790771484
1649444618.7239525,2.529452192754906,0.0032711029052734375
1649444618.7339542,2.514451734977264,0.003278970718383789
1649444618.7439048,2.53095223853267,0.0032308101654052734
1649444618.7539315,2.5177018341624198,0.0032546520233154297
1649444618.7639005,2.525827082125309,0.0032281875610351562
1649444618.7738905,2.5209519333475754,0.003214120864868164
1649444618.783371,2.5200769066438795,0.002663135528564453
1649444618.7939215,2.531327249977111,0.003246784210205078
1649444618.8039086,2.514576738792077,0.0032296180725097656
1649444618.813898,2.5199519028290656,0.0032231807708740234
1649444618.8239403,2.521826960051271,0.0032570362091064453
1649444618.833905,2.518576860866115,0.0032262802124023438
1649444618.8438923,2.5248270516067994,0.003214597702026367
1649444618.853895,2.5159517807550276,0.0032176971435546875
1649444618.8638992,2.5213269447920164,0.0032265186309814453
1649444618.8738956,2.520826929532762,0.003222942352294922
1649444618.8838904,2.5158267769402145,0.0032138824462890625
1649444618.8938892,2.5184518570513017,0.0032129287719726562
1649444618.903907,2.5243270363475445,0.003203868865966797
1649444618.9139218,2.517951841792047,0.0032393932342529297
1649444618.923954,2.5199519028290656,0.0032727718353271484
1649444618.9338999,2.513701712088382,0.0032253265380859375
1649444618.943893,2.522576982940153,0.0032198429107666016
1649444618.9538982,2.5154517654957735,0.003225088119506836
1649444618.9638994,2.5243270363475445,0.003227710723876953
1649444618.9738896,2.517576830347606,0.0032129287719726562
1649444618.983887,2.523076998199408,0.0032110214233398438
1649444618.993891,2.5142017273476363,0.003214120864868164
1649444619.003889,2.5217019562364578,0.0032160282135009766
1649444619.0138848,2.514451734977264,0.0032072067260742188
1649444619.0238857,2.5253270668660543,0.0032100677490234375
1649444619.0339198,2.513326700643941,0.0032434463500976562
1649444619.04391,2.52382702108829,0.0032286643981933594
1649444619.053889,2.5138267159031953,0.003217935562133789
1649444619.0637026,2.525452070680868,0.0028221607208251953
1649444619.07336,2.5153267616809596,0.002663135528564453
1649444619.0843184,2.5217019562364578,0.003292560577392578
1649444619.0942848,2.518326853236488,0.0032541751861572266
1649444619.1042619,2.524702047791986,0.003256559371948242
1649444619.114245,2.514701742606891,0.0032346248626708984
1649444619.1236336,2.529452192754906,0.0026252269744873047
1649444619.1342943,2.51432673116245,0.003267049789428711
1649444619.1442585,2.5263270973845637,0.0032482147216796875
1649444619.154241,2.5155767693105866,0.0032444000244140625
1649444619.164239,2.518326853236488,0.0032439231872558594
1649444619.1742265,2.518576860866115,0.0032248497009277344
1649444619.1842237,2.5154517654957735,0.00322723388671875
1649444619.1942163,2.522576982940153,0.003221750259399414
1649444619.2041457,2.5155767693105866,0.003151416778564453
1649444619.214103,2.5223269753105257,0.0031409263610839844
1649444619.2244225,2.5193268837549976,0.003130197525024414
1649444619.2344306,2.5162017883846555,0.003141641616821289
1649444619.244411,2.517951841792047,0.0031359195709228516
1649444619.2540877,2.5159517807550276,0.0031363964080810547
1649444619.264106,2.518701864680929,0.003150463104248047
1649444619.27412,2.514701742606891,0.003152132034301758
1649444619.2840967,2.52145194860683,0.0031425952911376953
1649444619.2940938,2.5155767693105866,0.0031385421752929688
1649444619.304098,2.52145194860683,0.0027997493743896484
1649444619.313974,2.5152017578661456,0.0028138160705566406
1649444619.3239608,2.5245770439771724,0.0028221607208251953
1649444619.334051,2.515076754051332,0.0028734207153320312
1649444619.3443062,2.5184518570513017,0.0028781890869140625
1649444619.3538175,2.51670180364391,0.0027065277099609375
1649444619.3638847,2.518576860866115,0.0027806758880615234
1649444619.3739784,2.514451734977264,0.002813100814819336
1649444619.3839731,2.522701986754967,0.002849102020263672
1649444619.3940005,2.5139517197180092,0.002833127975463867
1649444619.404397,2.5193268837549976,0.0031664371490478516
1649444619.4133773,2.515076754051332,0.002686738967895508
1649444619.4238882,2.515076754051332,0.002846240997314453
1649444619.4338121,2.525452070680868,0.003122568130493164
1649444619.4438381,2.5153267616809596,0.003155946731567383
1649444619.4538562,2.531077242347484,0.0031633377075195312
1649444619.4638426,2.516326792199469,0.0031633377075195312
1649444619.4765368,2.527827143162328,0.005852937698364258
1649444619.4911013,2.5138267159031953,0.010411977767944336
1649444619.4946754,2.5279521469771415,0.0030946731567382812
1649444619.5035648,2.5152017578661456,0.0028929710388183594
1649444619.51349,2.5239520249031036,0.0028297901153564453
1649444619.5237172,2.5199519028290656,0.00302886962890625
1649444619.5334973,2.521076937162389,0.0028336048126220703
1649444619.5434592,2.5192018799401836,0.0028007030487060547
1649444619.5534563,2.5249520554216134,0.0027952194213867188
1649444619.5634484,2.51907687612537,0.0027875900268554688
1649444619.573825,2.518576860866115,0.003143787384033203
1649444619.583793,2.521576952421644,0.0031096935272216797
1649444619.5937867,2.5202019104586935,0.0031082630157470703
1649444619.6037862,2.5184518570513017,0.0031011104583740234
1649444619.6137643,2.5195768913846246,0.003087282180786133
1649444619.6237311,2.521076937162389,0.0030524730682373047
1649444619.6335685,2.523452009643849,0.0028874874114990234
1649444619.6435559,2.520326914273507,0.002887248992919922
1649444619.6534743,2.52145194860683,0.0028154850006103516
1649444619.6634688,2.517326822717979,0.0028083324432373047
1649444619.6734455,2.5245770439771724,0.0027892589569091797
1649444619.6834507,2.5209519333475754,0.0027954578399658203
1649444619.6934524,2.5222019714957122,0.0027952194213867188
1649444619.7034492,2.5232020020142216,0.0027892589569091797
1649444619.7134447,2.516826807458724,0.00278472900390625
1649444619.7234974,2.5240770287179175,0.002837657928466797
1649444619.73345,2.5200769066438795,0.0027923583984375
1649444619.7434468,2.527202124088259,0.002789020538330078
1649444619.7534409,2.521576952421644,0.0027837753295898438
1649444619.763472,2.525577074495682,0.0028123855590820312
1649444619.773446,2.524702047791986,0.0027875900268554688
1649444619.7834435,2.520701925717948,0.002785205841064453
1649444619.793441,2.525077059236427,0.0027861595153808594
1649444619.8034697,2.5237020172734765,0.0027992725372314453
1649444619.813475,2.5169518112735374,0.0028171539306640625
1649444619.8234563,2.527827143162328,0.0027985572814941406
1649444619.8334503,2.5164517960142825,0.0027904510498046875
1649444619.8434434,2.5209519333475754,0.0027878284454345703
1649444619.8534477,2.5182018494216742,0.002790689468383789
1649444619.8634415,2.5159517807550276,0.002783060073852539
1649444619.8735697,2.526952116458632,0.002892017364501953
1649444619.8834653,2.51670180364391,0.0028047561645507812
1649444619.8934412,2.518701864680929,0.0027856826782226562
1649444619.903442,2.525077059236427,0.002783060073852539
1649444619.9131558,2.5162017883846555,0.002496004104614258
1649444619.9234896,2.521576952421644,0.0028285980224609375
1649444619.9334471,2.522701986754967,0.002790212631225586
1649444619.9434404,2.5157017731254006,0.0027844905853271484
1649444619.9534369,2.527702139347514,0.002780437469482422
1649444619.963472,2.514451734977264,0.0028121471405029297
1649444619.9734437,2.527827143162328,0.002784252166748047
1649444619.983547,2.51432673116245,0.0028777122497558594
1649444619.9934802,2.527202124088259,0.0028219223022460938
1649444620.0034566,2.518576860866115,0.002796649932861328
1649444620.0135262,2.518826868495743,0.002856016159057617
1649444620.0234597,2.5228269905697807,0.0028007030487060547
1649444620.033446,2.5195768913846246,0.0027854442596435547
1649444620.0434494,2.5242020325327315,0.0027914047241210938
1649444620.05476,2.5157017731254006,0.004097461700439453
1649444620.0635085,2.5202019104586935,0.0028448104858398438
1649444620.0734558,2.5154517654957735,0.0027990341186523438
1649444620.0864406,2.52382702108829,0.005782127380371094
1649444620.0938482,2.516826807458724,0.0031669139862060547
1649444620.1039639,2.522576982940153,0.003260374069213867
1649444620.113951,2.514826746421705,0.0032575130462646484
1649444620.12394,2.5248270516067994,0.0032460689544677734
1649444620.1339135,2.5154517654957735,0.0032281875610351562
1649444620.143426,2.5220769676808987,0.002717733383178711
1649444620.1534588,2.51907687612537,0.002758026123046875
1649444620.1633632,2.5162017883846555,0.002664327621459961
1649444620.1734548,2.521076937162389,0.0027272701263427734
1649444620.1834261,2.514701742606891,0.0027070045471191406
1649444620.193829,2.521201940977203,0.0031425952911376953
1649444620.2032738,2.5154517654957735,0.002593994140625
1649444620.213658,2.5202019104586935,0.002993345260620117
1649444620.223658,2.514451734977264,0.002992868423461914
1649444620.233646,2.5209519333475754,0.002983570098876953
1649444620.2436368,2.5155767693105866,0.0029752254486083984
1649444620.2536376,2.523076998199408,0.002976655960083008
1649444620.2636628,2.5169518112735374,0.0029954910278320312
1649444620.2736514,2.532202276680807,0.0029859542846679688
1649444620.283718,2.5169518112735374,0.003041505813598633
1649444620.2936845,2.5249520554216134,0.0030095577239990234
1649444620.3037653,2.522701986754967,0.0030939579010009766
1649444620.3134282,2.516826807458724,0.002712249755859375
1649444620.3234005,2.521076937162389,0.002711772918701172
1649444620.3333387,2.5198268990142525,0.0026552677154541016
1649444620.3433099,2.5180768456068607,0.00263214111328125
1649444620.353973,2.5242020325327315,0.0032944679260253906
1649444620.3633084,2.51670180364391,0.002630472183227539
1649444620.3734837,2.5262020935697502,0.002751588821411133
1649444620.3833303,2.5184518570513017,0.002650022506713867
1649444620.39347,2.5209519333475754,0.0027456283569335938
1649444620.4034562,2.5157017731254006,0.0027740001678466797
1649444620.4134374,2.525202063051241,0.0027418136596679688
1649444620.4238937,2.521201940977203,0.0032117366790771484
1649444620.4344733,2.5197018951994385,0.0038013458251953125
1649444620.443873,2.5240770287179175,0.00319671630859375
1649444620.4538655,2.5158267769402145,0.0031964778900146484
1649444620.463862,2.529077181310465,0.003187417984008789
1649444620.4738474,2.518826868495743,0.0031778812408447266
1649444620.4838562,2.5192018799401836,0.0031871795654296875
1649444620.4938562,2.53095223853267,0.0031816959381103516
1649444620.5039885,2.5197018951994385,0.0032982826232910156
1649444620.5138645,2.522701986754967,0.0031936168670654297
1649444620.5238953,2.523452009643849,0.003224611282348633
1649444620.5338569,2.5202019104586935,0.0031845569610595703
1649444620.5438602,2.5184518570513017,0.0031931400299072266
1649444620.5538542,2.5284521622363965,0.003186464309692383
1649444620.563854,2.5195768913846246,0.0031862258911132812
1649444620.5738544,2.5257020783104958,0.0031816959381103516
1649444620.5838528,2.5217019562364578,0.003179788589477539
1649444620.5938387,2.5263270973845637,0.0031664371490478516
1649444620.603856,2.522701986754967,0.003188610076904297
1649444620.6138575,2.522951994384594,0.003184080123901367
1649444620.623848,2.5249520554216134,0.003175973892211914
1649444620.633845,2.5178268379772333,0.0031778812408447266
1649444620.6439803,2.529452192754906,0.0032782554626464844
1649444620.6538827,2.51907687612537,0.003205537796020508
1649444620.6638706,2.523076998199408,0.0031964778900146484
1649444620.6738582,2.527702139347514,0.0031833648681640625
1649444620.6838574,2.5160767845698415,0.0031838417053222656
1649444620.6938512,2.530827234717856,0.003177165985107422
1649444620.703846,2.517451826532792,0.0031728744506835938
1649444620.7138405,2.521076937162389,0.0031681060791015625
1649444620.7238905,2.5184518570513017,0.0032176971435546875
1649444620.733877,2.5180768456068607,0.0032072067260742188
1649444620.743846,2.5267021088290047,0.003179311752319336
1649444620.7538538,2.5158267769402145,0.0031855106353759766
1649444620.7638485,2.527327127903073,0.0031807422637939453
1649444620.77385,2.5159517807550276,0.003177642822265625
1649444620.7838435,2.5244520401623585,0.0031731128692626953
1649444620.7938445,2.5240770287179175,0.003172159194946289
1649444620.803851,2.5155767693105866,0.003179311752319336
1649444620.8138454,2.5283271584215825,0.003174304962158203
1649444620.8238356,2.5169518112735374,0.0031638145446777344
1649444620.8338563,2.5307022309030427,0.003187417984008789
1649444620.84385,2.519451887569811,0.0031766891479492188
1649444620.853847,2.521826960051271,0.0031745433807373047
1649444620.863855,2.52382702108829,0.0031821727752685547
1649444620.8738513,2.5195768913846246,0.0031805038452148438
1649444620.8838503,2.5192018799401836,0.0031790733337402344
1649444620.8938448,2.522576982940153,0.003173351287841797
1649444620.9038444,2.5220769676808987,0.003173351287841797
1649444620.9144514,2.5237020172734765,0.0037794113159179688
1649444620.9238906,2.523076998199408,0.0032148361206054688
1649444620.9338784,2.5239520249031036,0.003206968307495117
1649444620.943847,2.5162017883846555,0.003178119659423828
1649444620.9538422,2.527202124088259,0.003173351287841797
1649444620.9638422,2.518576860866115,0.003174304962158203
1649444620.973853,2.522951994384594,0.0031790733337402344
1649444620.983842,2.5169518112735374,0.0031690597534179688
1649444620.9938447,2.5263270973845637,0.0031719207763671875
1649444621.0038419,2.5205769219031344,0.0031690597534179688
1649444621.0138495,2.520701925717948,0.003174304962158203
1649444621.0238457,2.521576952421644,0.003173828125
1649444621.0338268,2.521951963866085,0.0031549930572509766
1649444621.0438583,2.518951872310556,0.0031883716583251953
1649444621.053855,2.5232020020142216,0.0031805038452148438
1649444621.0638456,2.518576860866115,0.003173351287841797
1649444621.073844,2.5204519180883205,0.003172636032104492
1649444621.0838394,2.5263270973845637,0.003167867660522461
1649444621.0938432,2.517326822717979,0.0031719207763671875
1649444621.1038418,2.5275771355327006,0.0031692981719970703
1649444621.113909,2.516326792199469,0.003233194351196289
1649444621.1239078,2.5197018951994385,0.0032334327697753906
1649444621.133884,2.5232020020142216,0.0032122135162353516
1649444621.1438565,2.5160767845698415,0.0031881332397460938
1649444621.1538477,2.520701925717948,0.003180265426635742
1649444621.1633732,2.5152017578661456,0.002663850784301758
1649444621.1738827,2.5153267616809596,0.0032117366790771484
1649444621.183916,2.5339523300881988,0.0032405853271484375
1649444621.1934648,2.517076815088351,0.002755403518676758
1649444621.203532,2.5304522232734157,0.002803325653076172
1649444621.2134693,2.5164517960142825,0.0027315616607666016
1649444621.2238433,2.5240770287179175,0.0031714439392089844
1649444621.2337992,2.518701864680929,0.0031189918518066406
1649444621.2437892,2.521076937162389,0.0031092166900634766
1649444621.2537758,2.5199519028290656,0.003099679946899414
1649444621.263778,2.520326914273507,0.0031003952026367188
1649444621.2737758,2.5193268837549976,0.0031011104583740234
1649444621.2838204,2.5177018341624198,0.0031347274780273438
1649444621.2938325,2.517951841792047,0.0031499862670898438
1649444621.3038144,2.516826807458724,0.0031325817108154297
1649444621.3137927,2.5177018341624198,0.003113985061645508
1649444621.3238318,2.517201818903165,0.0031507015228271484
1649444621.3337913,2.517076815088351,0.003107309341430664
1649444621.3438263,2.5164517960142825,0.0031435489654541016
1649444621.3539753,2.5158267769402145,0.0031554698944091797
1649444621.363802,2.5158267769402145,0.0031206607818603516
1649444621.3737807,2.5140767235328227,0.0031015872955322266
1649444621.3837616,2.515076754051332,0.003095865249633789
1649444621.3939412,2.5158267769402145,0.003223896026611328
1649444621.4047585,2.5152017578661456,0.0040721893310546875
1649444621.4138885,2.51432673116245,0.003210783004760742
1649444621.423901,2.5149517502365186,0.003228902816772461
1649444621.4333632,2.5158267769402145,0.0026471614837646484
1649444621.4439003,2.5165767998290964,0.0032196044921875
1649444621.4538689,2.5158267769402145,0.0031998157501220703
1649444621.4638464,2.5142017273476363,0.003173351287841797
1649444621.4738905,2.5160767845698415,0.0032181739807128906
1649444621.4838707,2.5149517502365186,0.0031948089599609375
1649444621.4938574,2.5149517502365186,0.0031850337982177734
1649444621.5039709,2.5153267616809596,0.0032777786254882812
1649444621.5138783,2.5153267616809596,0.003207683563232422
1649444621.5239077,2.5155767693105866,0.003236532211303711
1649444621.5338802,2.5157017731254006,0.0032088756561279297
1649444621.543863,2.51432673116245,0.003195524215698242
1649444621.553856,2.516326792199469,0.003187894821166992
1649444621.5638523,2.514701742606891,0.0031850337982177734
1649444621.573859,2.5139517197180092,0.0031871795654296875
1649444621.5838513,2.514701742606891,0.0031783580780029297
1649444621.593836,2.5153267616809596,0.0031647682189941406
1649444621.603859,2.516826807458724,0.003190755844116211
1649444621.6138532,2.5153267616809596,0.003179788589477539
1649444621.6238573,2.513326700643941,0.003184795379638672
1649444621.6338336,2.5155767693105866,0.0031626224517822266
1649444621.6438513,2.5149517502365186,0.003183126449584961
1649444621.6538594,2.5159517807550276,0.0031876564025878906
1649444621.6638594,2.515076754051332,0.003185749053955078
1649444621.6738498,2.5164517960142825,0.003178834915161133
1649444621.6839778,2.514701742606891,0.0032749176025390625
1649444621.6938803,2.515076754051332,0.0032036304473876953
1649444621.7038631,2.5155767693105866,0.003189563751220703
1649444621.713857,2.513326700643941,0.0031855106353759766
1649444621.7238762,2.5139517197180092,0.0032052993774414062
1649444621.7338698,2.517076815088351,0.003198385238647461
1649444621.7438514,2.515076754051332,0.0031845569610595703
1649444621.753847,2.5154517654957735,0.003179788589477539
1649444621.7638514,2.5155767693105866,0.003184080123901367
1649444621.773848,2.5149517502365186,0.003177165985107422
1649444621.7838519,2.515076754051332,0.003180980682373047
1649444621.7938457,2.5164517960142825,0.0031745433807373047
1649444621.80384,2.5154517654957735,0.003168821334838867
1649444621.8138685,2.51670180364391,0.003174304962158203
1649444621.8238645,2.5162017883846555,0.0031909942626953125
1649444621.8338575,2.514576738792077,0.003185272216796875
1649444621.8438463,2.5152017578661456,0.003172636032104492
1649444621.85386,2.51432673116245,0.003193378448486328
1649444621.8638554,2.5160767845698415,0.003181934356689453
1649444621.873853,2.5140767235328227,0.0031805038452148438
1649444621.8838515,2.5160767845698415,0.0031800270080566406
1649444621.8938346,2.514451734977264,0.003159761428833008
1649444621.903873,2.5140767235328227,0.0031974315643310547
1649444621.913881,2.5149517502365186,0.0031850337982177734
1649444621.924069,2.5158267769402145,0.003393888473510742
1649444621.9336824,2.5157017731254006,0.002965211868286133
1649444621.9434795,2.514451734977264,0.002706289291381836
1649444621.9534044,2.5154517654957735,0.002663850784301758
1649444621.9633782,2.51670180364391,0.002666950225830078
1649444621.9733596,2.5158267769402145,0.0026617050170898438
1649444621.983495,2.5154517654957735,0.0027511119842529297
1649444621.9934278,2.5152017578661456,0.002660989761352539
1649444622.0038831,2.517451826532792,0.0032138824462890625
1649444622.0133376,2.514451734977264,0.0026683807373046875
1649444622.0234518,2.5149517502365186,0.002797365188598633
1649444622.0334349,2.513201696829127,0.002780914306640625
1649444622.043433,2.516826807458724,0.0027778148651123047
1649444622.0534337,2.515076754051332,0.0027773380279541016
1649444622.0634234,2.51432673116245,0.0027685165405273438
1649444622.0734181,2.5140767235328227,0.002761363983154297
1649444622.0834398,2.5138267159031953,0.002784252166748047
1649444622.093428,2.514826746421705,0.0027751922607421875
1649444622.1034222,2.5154517654957735,0.0027663707733154297
1649444622.1134262,2.514826746421705,0.002771139144897461
1649444622.1234426,2.5139517197180092,0.0027849674224853516
1649444622.1334615,2.5153267616809596,0.0028030872344970703
1649444622.1434329,2.5149517502365186,0.0027780532836914062
1649444622.153436,2.5142017273476363,0.0027818679809570312
1649444622.1634297,2.5138267159031953,0.0027742385864257812
1649444622.1734273,2.51432673116245,0.0027701854705810547
1649444622.1834288,2.514451734977264,0.0027756690979003906
1649444622.1934295,2.5122016663106175,0.002773761749267578
1649444622.2034302,2.5142017273476363,0.002773284912109375
1649444622.2134242,2.512326670125431,0.002766847610473633
1649444622.2234228,2.5129516891995,0.0027663707733154297
1649444622.233414,2.510451612903226,0.002757549285888672
1649444622.2434309,2.5074515213476976,0.002776622772216797
1649444622.2534323,2.5074515213476976,0.0027751922607421875
1649444622.2634213,2.513576708273568,0.002763986587524414
1649444622.2734475,2.502076357310709,0.0027887821197509766
1649444622.283435,2.512451673940245,0.002777576446533203
1649444622.294204,2.499826288644063,0.0035440921783447266
1649444622.3034666,2.511076631977294,0.0028047561645507812
1649444622.3134449,2.5062014831995603,0.002788543701171875
1649444622.3234327,2.4924510635700554,0.002774953842163086
1649444622.3334723,2.512826685384686,0.002811431884765625
1649444622.3434458,2.512701681569872,0.0027904510498046875
1649444622.3534331,2.5125766777550584,0.0027785301208496094
1649444622.3634362,2.5023263649403362,0.0027806758880615234
1649444622.3734562,2.5140767235328227,0.0027971267700195312
1649444622.3834343,2.4994512771996216,0.0027794837951660156
1649444622.3937235,2.5094515823847163,0.0030660629272460938
1649444622.4034503,2.5069515060884426,0.0027937889099121094
1649444622.4134274,2.5033263954588456,0.0027747154235839844
1649444622.4234233,2.50720151371807,0.0027704238891601562
1649444622.4334478,2.5113266396069216,0.002791881561279297
1649444622.4434292,2.500951322977386,0.0027723312377929688
1649444622.453429,2.506326487014374,0.002772808074951172
1649444622.4634259,2.5090765709402754,0.0027704238891601562
1649444622.473426,2.5027013763847776,0.00276947021484375
1649444622.4834268,2.5073265175328836,0.0027697086334228516
1649444622.4934285,2.5062014831995603,0.0027709007263183594
1649444622.5035238,2.5102016052735983,0.002861499786376953
1649444622.5134513,2.5030763878292186,0.002794027328491211
1649444622.523436,2.51195165868099,0.0027794837951660156
1649444622.5334759,2.5019513534958953,0.0028166770935058594
1649444622.5436165,2.512826685384686,0.002953767776489258
1649444622.5534735,2.5022013611255227,0.002813577651977539
1649444622.5634465,2.5138267159031953,0.002789735794067383
1649444622.5734384,2.496576189458907,0.002782583236694336
1649444622.5834358,2.51432673116245,0.0027780532836914062
1649444622.5934327,2.5033263954588456,0.002775430679321289
1649444622.6034307,2.5109516281624806,0.002774477005004883
1649444622.6134236,2.5074515213476976,0.002767801284790039
1649444622.6234224,2.511201635792108,0.002765655517578125
1649444622.633434,2.5065764946440017,0.0027799606323242188
1649444622.6434345,2.5109516281624806,0.0027773380279541016
1649444622.6534283,2.5074515213476976,0.002770662307739258
1649444622.663425,2.5069515060884426,0.0027697086334228516
1649444622.6734748,2.512326670125431,0.002815723419189453
1649444622.6834388,2.506451490829188,0.0027837753295898438
1649444622.6934366,2.5059514755699333,0.0027828216552734375
1649444622.7034316,2.5074515213476976,0.002779245376586914
1649444622.713464,2.5062014831995603,0.002806425094604492
1649444622.7238364,2.502076357310709,0.003132343292236328
1649444622.7333562,2.5134517044587543,0.0026726722717285156
1649444622.7433121,2.5017013458662682,0.002633810043334961
1649444622.7546008,2.510826624347667,0.003921031951904297
1649444622.7634473,2.5069515060884426,0.0027403831481933594
1649444622.7733352,2.510326609088412,0.0026559829711914062
1649444622.7838297,2.502076357310709,0.003042936325073242
1649444622.7933493,2.5105766167180397,0.002658367156982422
1649444622.8033109,2.500201300088504,0.0026345252990722656
1649444622.8139575,2.5117016510513626,0.0032739639282226562
1649444622.823291,2.499576281014435,0.002614259719848633
1649444622.8338656,2.5138267159031953,0.0031914710998535156
1649444622.8439548,2.502826380199591,0.0032880306243896484
1649444622.8538642,2.5117016510513626,0.003190279006958008
1649444622.8638594,2.5070765099032566,0.0031735897064208984
1649444622.8738728,2.507951536606952,0.003187894821166992
1649444622.8838582,2.509201574755089,0.0031919479370117188
1649444622.8944356,2.5022013611255227,0.0037627220153808594
1649444622.9038591,2.514826746421705,0.003192424774169922
1649444622.9138496,2.4994512771996216,0.0031766891479492188
1649444622.923877,2.512326670125431,0.003206014633178711
1649444622.9338908,2.5069515060884426,0.0032176971435546875
1649444622.9438546,2.51195165868099,0.003186464309692383
1649444622.9538462,2.5098265938291573,0.003178834915161133
1649444622.9638507,2.5069515060884426,0.0031845569610595703
1649444622.9738495,2.513326700643941,0.003181934356689453
1649444622.983832,2.506826502273629,0.003160715103149414
1649444622.9938505,2.5125766777550584,0.0031828880310058594
1649444623.003846,2.508951567125462,0.0031800270080566406
1649444623.0138476,2.510076601458785,0.0031752586364746094
1649444623.023885,2.5134517044587543,0.003213167190551758
1649444623.0333903,2.508076540421766,0.0027163028717041016
1649444623.0438952,2.5142017273476363,0.003217458724975586
1649444623.053866,2.5074515213476976,0.003192424774169922
1649444623.0638528,2.5094515823847163,0.003180980682373047
1649444623.0738497,2.5109516281624806,0.0031795501708984375
1649444623.083849,2.5094515823847163,0.0031762123107910156
1649444623.0938528,2.5095765861995303,0.0031805038452148438
1649444623.1038306,2.5099515976439712,0.0031583309173583984
1649444623.1138582,2.5095765861995303,0.0031719207763671875
1649444623.1238897,2.510826624347667,0.003222227096557617
1649444623.13391,2.5077015289773246,0.0032362937927246094
1649444623.1438584,2.5073265175328836,0.003191232681274414
1649444623.1538868,2.5094515823847163,0.003217458724975586
1649444623.1638587,2.505326456495865,0.0031926631927490234
1649444623.1738524,2.5115766472365486,0.0031816959381103516
1649444623.183848,2.5069515060884426,0.003178119659423828
1649444623.1938453,2.504576433606983,0.0031747817993164062
1649444623.203845,2.5120766624958035,0.0031769275665283203
1649444623.2138493,2.5052014526810513,0.0031778812408447266
1649444623.2238736,2.510326609088412,0.0032036304473876953
1649444623.2338452,2.510826624347667,0.003174304962158203
1649444623.2438502,2.5129516891995,0.0031805038452148438
1649444623.253852,2.50245136875515,0.00318145751953125
1649444623.263847,2.513326700643941,0.0031774044036865234
1649444623.2738502,2.5062014831995603,0.0031807422637939453
1649444623.2838504,2.513201696829127,0.0031821727752685547
1649444623.2938526,2.5027013763847776,0.003183126449584961
1649444623.3038538,2.5115766472365486,0.0031824111938476562
1649444623.3138466,2.508701559495834,0.0031769275665283203
1649444623.323845,2.510701620532853,0.0031740665435791016
1649444623.333908,2.5115766472365486,0.0032334327697753906
1649444623.3438692,2.508701559495834,0.0032024383544921875
1649444623.3538573,2.508701559495834,0.003191709518432617
1649444623.3638492,2.5058264717551193,0.003183126449584961
1649444623.3738306,2.5125766777550584,0.0031652450561523438
1649444623.3837907,2.504951445051424,0.003124713897705078
1649444623.3938594,2.5118266548661765,0.0031862258911132812
1649444623.4038515,2.5022013611255227,0.0031812191009521484
1649444623.4138978,2.5102016052735983,0.003221273422241211
1649444623.4238577,2.50482644123661,0.0031855106353759766
1649444623.4338732,2.510826624347667,0.003204345703125
1649444623.4438646,2.5082015442365795,0.0031938552856445312
1649444623.4539094,2.5070765099032566,0.0032262802124023438
1649444623.4638677,2.5059514755699333,0.0031952857971191406
1649444623.4738498,2.504326425977355,0.0031795501708984375
1649444623.4838488,2.512451673940245,0.003178834915161133
1649444623.4938407,2.5065764946440017,0.003171205520629883
1649444623.5033844,2.510701620532853,0.0026733875274658203
1649444623.513485,2.502076357310709,0.0027763843536376953
1649444623.5239055,2.5138267159031953,0.003233671188354492
1649444623.5339162,2.5018263496810813,0.0032427310943603516
1649444623.5438468,2.5140767235328227,0.0031790733337402344
1649444623.5538704,2.499701284829249,0.0032014846801757812
1649444623.5638635,2.5122016663106175,0.0031969547271728516
1649444623.5738475,2.506076479384747,0.003182649612426758
1649444623.5838425,2.509201574755089,0.003177642822265625
1649444623.5938504,2.506451490829188,0.003180980682373047
1649444623.6038427,2.508951567125462,0.0031778812408447266
1649444623.613848,2.509326578569903,0.0031795501708984375
1649444623.6238456,2.5120766624958035,0.003175973892211914
1649444623.633849,2.504451429792169,0.003178119659423828
1649444623.643875,2.510451612903226,0.0032002925872802734
1649444623.6538458,2.5069515060884426,0.0031812191009521484
1649444623.663841,2.511201635792108,0.0031719207763671875
1649444623.6738431,2.5038264107181005,0.003179788589477539
1649444623.6838481,2.509201574755089,0.003179311752319336
1649444623.693848,2.508826563310648,0.003177642822265625
1649444623.703846,2.5078265327921385,0.003176450729370117
1649444623.7138238,2.5027013763847776,0.0031599998474121094
1649444623.7238514,2.515076754051332,0.0031850337982177734
1649444623.733908,2.506701498458815,0.00323486328125
1649444623.7438629,2.5033263954588456,0.0031943321228027344
1649444623.753855,2.5117016510513626,0.0031888484954833984
1649444623.7633522,2.5034513992736596,0.002686738967895508
1649444623.7738917,2.5102016052735983,0.0032148361206054688
1649444623.783867,2.5073265175328836,0.003196239471435547
1649444623.7938583,2.5074515213476976,0.003187417984008789
1649444623.8038323,2.506701498458815,0.0031614303588867188
1649444623.8138514,2.5115766472365486,0.0031855106353759766
1649444623.82385,2.5062014831995603,0.0031790733337402344
1649444623.8338583,2.5102016052735983,0.003186464309692383
1649444623.8438482,2.5069515060884426,0.003177642822265625
1649444623.8538427,2.512826685384686,0.003172159194946289
1649444623.863843,2.5015763420514543,0.003173828125
1649444623.8737586,2.513576708273568,0.00308990478515625
1649444623.8838449,2.508451551866207,0.0031723976135253906
1649444623.89387,2.5082015442365795,0.003183603286743164
1649444623.903846,2.510326609088412,0.0031757354736328125
1649444623.913835,2.505701467940306,0.003165721893310547
1649444623.9238377,2.5114516434217355,0.0031685829162597656
1649444623.9338975,2.5078265327921385,0.0032265186309814453
1649444623.9438615,2.509326578569903,0.003197908401489258
1649444623.9538648,2.5134517044587543,0.0031995773315429688
1649444623.9638457,2.5115766472365486,0.0031800270080566406
1649444623.9738462,2.513576708273568,0.0031778812408447266
1649444623.9838474,2.513076693014313,0.0031800270080566406
1649444623.993847,2.512326670125431,0.003177165985107422
1649444624.0038466,2.507576525162511,0.0031785964965820312
1649444624.013848,2.5090765709402754,0.0031778812408447266
1649444624.0238466,2.5113266396069216,0.003176450729370117
1649444624.0338452,2.5113266396069216,0.003176450729370117
1649444624.04384,2.508576555681021,0.003170013427734375
1649444624.0538433,2.510326609088412,0.003174304962158203
1649444624.063845,2.510451612903226,0.0031752586364746094
1649444624.0738444,2.500451307718131,0.0031762123107910156
1649444624.0838513,2.5134517044587543,0.0031812191009521484
1649444624.093896,2.5033263954588456,0.003221273422241211
1649444624.1038592,2.5152017578661456,0.0031888484954833984
1649444624.1138563,2.5120766624958035,0.003187417984008789
1649444624.123852,2.5118266548661765,0.0031838417053222656
1649444624.1339045,2.512826685384686,0.0032329559326171875
1649444624.143352,2.512451673940245,0.002657175064086914
1649444624.1538632,2.5129516891995,0.003196239471435547
1649444624.1638758,2.513701712088382,0.003208160400390625
1649444624.173864,2.5142017273476363,0.003197908401489258
1649444624.1838572,2.5138267159031953,0.003192901611328125
1649444624.1938527,2.513576708273568,0.0031821727752685547
1649444624.2038445,2.513201696829127,0.0031762123107910156
1649444624.2138548,2.5140767235328227,0.003184795379638672
1649444624.223849,2.513576708273568,0.003179311752319336
1649444624.233918,2.5138267159031953,0.003234386444091797
1649444624.2438576,2.5138267159031953,0.0031867027282714844
1649444624.2538614,2.512826685384686,0.0031919479370117188
1649444624.2638593,2.5149517502365186,0.003186941146850586
1649444624.273846,2.513576708273568,0.003176450729370117
1649444624.2833698,2.5139517197180092,0.0026557445526123047
1649444624.2939944,2.513576708273568,0.003320932388305664
1649444624.3038743,2.51432673116245,0.003201723098754883
1649444624.3136601,2.5149517502365186,0.0029478073120117188
1649444624.3238957,2.5134517044587543,0.0032265186309814453
1649444624.33392,2.513326700643941,0.0032455921173095703
1649444624.343855,2.514451734977264,0.003186941146850586
1649444624.3538687,2.514451734977264,0.0032029151916503906
1649444624.3644154,2.5140767235328227,0.0037488937377929688
1649444624.373863,2.512701681569872,0.0031974315643310547
1649444624.383877,2.514451734977264,0.0032095909118652344
1649444624.3938456,2.512826685384686,0.003175497055053711
1649444624.4038575,2.514576738792077,0.0031921863555908203
1649444624.413852,2.5122016663106175,0.003181934356689453
1649444624.423854,2.513701712088382,0.0031883716583251953
1649444624.433878,2.514576738792077,0.0031845569610595703
1649444624.44385,2.5155767693105866,0.0031790733337402344
1649444624.4538453,2.5142017273476363,0.0031774044036865234
1649444624.463855,2.5134517044587543,0.0031859874725341797
1649444624.4738474,2.5134517044587543,0.0031785964965820312
1649444624.4838502,2.5139517197180092,0.003179311752319336
1649444624.4938452,2.513576708273568,0.003180265426635742
1649444624.5035274,2.5138267159031953,0.0028285980224609375
1649444624.5134592,2.5138267159031953,0.0027370452880859375
1649444624.5235784,2.51432673116245,0.0028731822967529297
1649444624.5334773,2.514576738792077,0.0027129650115966797
1649444624.5434494,2.513201696829127,0.002744913101196289
1649444624.5534487,2.51432673116245,0.0027437210083007812
1649444624.5634627,2.513701712088382,0.0027527809143066406
1649444624.5735004,2.5149517502365186,0.002777099609375
1649444624.5835767,2.514576738792077,0.002869129180908203
1649444624.5936198,2.513701712088382,0.00289154052734375
1649444624.6034923,2.514451734977264,0.002775907516479492
1649444624.613537,2.513076693014313,0.0028183460235595703
1649444624.623689,2.5157017731254006,0.0029714107513427734
1649444624.6333675,2.5138267159031953,0.0026619434356689453
1649444624.6437578,2.514451734977264,0.003088712692260742
1649444624.6533165,2.5139517197180092,0.0026388168334960938
1649444624.6633852,2.51432673116245,0.002687215805053711
1649444624.6734228,2.5153267616809596,0.002699613571166992
1649444624.68333,2.5142017273476363,0.0026416778564453125
1649444624.6938426,2.514826746421705,0.0031538009643554688
1649444624.703344,2.5129516891995,0.002657175064086914
1649444624.713675,2.514576738792077,0.0029997825622558594
1649444624.7235298,2.5129516891995,0.002858877182006836
1649444624.7335527,2.51432673116245,0.0028727054595947266
1649444624.7434564,2.514576738792077,0.0028052330017089844
1649444624.7534802,2.513201696829127,0.0028219223022460938
1649444624.7634606,2.5134517044587543,0.0028035640716552734
1649444624.7734535,2.513201696829127,0.002797365188598633
1649444624.783446,2.513201696829127,0.0027909278869628906
1649444624.7937381,2.514826746421705,0.003056764602661133
1649444624.8038182,2.514451734977264,0.0031523704528808594
1649444624.8137095,2.5142017273476363,0.0030286312103271484
1649444624.8237112,2.5134517044587543,0.0030438899993896484
1649444624.8337739,2.513701712088382,0.0030946731567382812
1649444624.8434541,2.5138267159031953,0.0027976036071777344
1649444624.853524,2.5125766777550584,0.002854585647583008
1649444624.8634477,2.51432673116245,0.0027959346771240234
1649444624.873437,2.513576708273568,0.002785921096801758
1649444624.8834383,2.513326700643941,0.0027849674224853516
1649444624.8937037,2.514576738792077,0.0030477046966552734
1649444624.9034283,2.5138267159031953,0.002774953842163086
1649444624.9134371,2.512826685384686,0.0027823448181152344
1649444624.9234235,2.513076693014313,0.0027735233306884766
1649444624.933472,2.5134517044587543,0.0028166770935058594
1649444624.943437,2.512701681569872,0.002783060073852539
1649444624.9534287,2.513076693014313,0.0027780532836914062
1649444624.9634194,2.5115766472365486,0.0027680397033691406
1649444624.9734254,2.513701712088382,0.0027701854705810547
1649444624.9834175,2.5120766624958035,0.002765655517578125
1649444624.9934206,2.512701681569872,0.002768278121948242
1649444625.003425,2.511076631977294,0.002772092819213867
1649444625.0137467,2.512451673940245,0.0030918121337890625
1649444625.0234733,2.5115766472365486,0.0028154850006103516
1649444625.0334356,2.51432673116245,0.002783060073852539
1649444625.0434294,2.513326700643941,0.0027751922607421875
1649444625.0534244,2.513576708273568,0.0027718544006347656
1649444625.063551,2.513326700643941,0.002872467041015625
1649444625.0734477,2.513076693014313,0.002796649932861328
1649444625.0834324,2.513701712088382,0.002781391143798828
1649444625.0934384,2.513076693014313,0.002785205841064453
1649444625.1034384,2.513201696829127,0.002784252166748047
1649444625.1134295,2.5098265938291573,0.0027763843536376953
1649444625.1234286,2.5114516434217355,0.002775907516479492
1649444625.133472,2.510451612903226,0.0028181076049804688
1649444625.1434352,2.508576555681021,0.0027840137481689453
1649444625.1534283,2.5069515060884426,0.0027778148651123047
1649444625.1634338,2.5094515823847163,0.002782106399536133
1649444625.1734273,2.509201574755089,0.002773761749267578
1649444625.1834283,2.508326548051393,0.002773761749267578
1649444625.1935225,2.5098265938291573,0.0028526782989501953
1649444625.2034583,2.5090765709402754,0.0028023719787597656
1649444625.2134566,2.5094515823847163,0.002800464630126953
1649444625.2234387,2.510451612903226,0.0027866363525390625
1649444625.2335234,2.5105766167180397,0.002869844436645508
1649444625.2435424,2.509701590014344,0.0028667449951171875
1649444625.253452,2.510076601458785,0.002797842025756836
1649444625.2634337,2.509701590014344,0.0027828216552734375
1649444625.2734356,2.507576525162511,0.0027837753295898438
1649444625.2834568,2.5105766167180397,0.002802133560180664
1649444625.2934556,2.507576525162511,0.002801179885864258
1649444625.303434,2.509201574755089,0.0027832984924316406
1649444625.3134449,2.5090765709402754,0.002790212631225586
1649444625.32344,2.509201574755089,0.002785921096801758
1649444625.3334663,2.509201574755089,0.0028138160705566406
1649444625.343714,2.5082015442365795,0.003056049346923828
1649444625.3538613,2.5114516434217355,0.003196239471435547
1649444625.3638482,2.511201635792108,0.003185272216796875
1649444625.374402,2.5115766472365486,0.003737211227416992
1649444625.3838682,2.5109516281624806,0.003195524215698242
1649444625.3938456,2.51195165868099,0.0031752586364746094
1649444625.403846,2.5109516281624806,0.003177165985107422
1649444625.4134488,2.509701590014344,0.0027627944946289062
1649444625.4238968,2.510326609088412,0.003228425979614258
1649444625.4338622,2.509326578569903,0.0031957626342773438
1649444625.4438632,2.509201574755089,0.003170490264892578
1649444625.453865,2.506701498458815,0.003198385238647461
1649444625.4638445,2.50720151371807,0.003175497055053711
1649444625.4738932,2.505701467940306,0.0032186508178710938
1649444625.4838824,2.50482644123661,0.0032091140747070312
1649444625.4933276,2.500451307718131,0.002640247344970703
1649444625.5039613,2.4977012237922303,0.003273487091064453
1649444625.5138817,2.495826166570025,0.003215312957763672
1649444625.5233727,2.4924510635700554,0.0026636123657226562
1649444625.5339215,2.4885759453108314,0.0032486915588378906
1649444625.5441246,2.4852008423108614,0.0034558773040771484
1649444625.5533466,2.4809507126071964,0.0026504993438720703
1649444625.563879,2.4780756248664817,0.0032105445861816406
1649444625.5738616,2.473575487533189,0.0031914710998535156
1649444625.5838435,2.470825403607288,0.003179788589477539
1649444625.5938547,2.468450331125828,0.003191232681274414
1649444625.6038783,2.4634501785332805,0.0032057762145996094
1649444625.6138492,2.4583250221259196,0.0031855106353759766
1649444625.6238537,2.457700003051851,0.003184795379638672
1649444625.6338484,2.455699942014832,0.003184795379638672
1649444625.6438754,2.4529498580889313,0.003207683563232422
1649444625.6538386,2.458825037385174,0.0031702518463134766
1649444625.6638465,2.4493247474593343,0.0031774044036865234
1649444625.6738389,2.4515748161259805,0.003171205520629883
1649444625.6838362,2.4380744041261027,0.003172159194946289
1649444625.6938417,2.4453246253852963,0.0031747817993164062
1649444625.703836,2.434324289681692,0.0031697750091552734
1649444625.713842,2.439449446089053,0.0031769275665283203
1649444625.7238424,2.4356993316446425,0.003176450729370117
1649444625.733904,2.437449385052034,0.003233194351196289
1649444625.743891,2.431074190496536,0.003225088119506836
1649444625.75383,2.439199438459426,0.0031671524047851562
1649444625.7638543,2.4325742362743004,0.0031914710998535156
1649444625.7738404,2.4283241065706354,0.003178119659423828
1649444625.7838342,2.427574083681753,0.003170013427734375
1649444625.793903,2.4323242286446733,0.0032379627227783203
1649444625.8039594,2.4254490188299203,0.0032684803009033203
1649444625.8138642,2.4279490951261944,0.0031981468200683594
1649444625.823854,2.422448927274392,0.003186464309692383
1649444625.8338392,2.4254490188299203,0.003172636032104492
1649444625.8434052,2.4193238319040495,0.002694845199584961
1649444625.8537674,2.4218239082003232,0.0030698776245117188
1649444625.8639522,2.416573747978149,0.0032646656036376953
1649444625.8737993,2.4171987670522173,0.0031316280364990234
1649444625.8838685,2.4193238319040495,0.0031964778900146484
1649444625.89384,2.417698782311472,0.003175973892211914
1649444625.903856,2.4141986754966887,0.003191709518432617
1649444625.9139729,2.426324045533616,0.003304719924926758
1649444625.923852,2.4134486526078067,0.0031812191009521484
1649444625.9339094,2.4189488204596086,0.0032389163970947266
1649444625.9438918,2.4145736869411296,0.0032269954681396484
1649444625.9538636,2.425949034089175,0.0031991004943847656
1649444625.9638755,2.4203238624225594,0.0031914710998535156
1649444625.9738476,2.425574022644734,0.0031833648681640625
1649444625.9838467,2.4189488204596086,0.003184080123901367
1649444625.9938405,2.420573870052187,0.0031774044036865234
1649444626.0038452,2.4235739616077154,0.003177165985107422
1649444626.013841,2.4203238624225594,0.003171205520629883
1649444626.0238388,2.423198950163274,0.003170490264892578
1649444626.0338385,2.412448622089297,0.003172159194946289
1649444626.043844,2.422823938718833,0.0031769275665283203
1649444626.0538383,2.4130736411633658,0.0031745433807373047
1649444626.0638227,2.424573992126225,0.003155946731567383
1649444626.0738437,2.4181987975707266,0.0031800270080566406
1649444626.0838435,2.4210738853114417,0.0031766891479492188
1649444626.0938363,2.422073915829951,0.0031697750091552734
1649444626.1039286,2.4159487289040804,0.00325775146484375
1649444626.1138942,2.422448927274392,0.0032262802124023438
1649444626.123867,2.4171987670522173,0.003197908401489258
1649444626.1339116,2.4135736564226202,0.0032410621643066406
1649444626.143861,2.420573870052187,0.003195524215698242
1649444626.1538804,2.4246989959410383,0.003213644027709961
1649444626.1638606,2.420448866237373,0.003195524215698242
1649444626.173848,2.4319492172002324,0.0031843185424804688
1649444626.1838481,2.4273240760521255,0.003178834915161133
1649444626.1938415,2.4253240150151067,0.003172636032104492
1649444626.203839,2.4323242286446733,0.003171205520629883
1649444626.2138412,2.42882412182989,0.0031731128692626953
1649444626.2238467,2.4270740684224985,0.0031783580780029297
1649444626.233827,2.434699301126133,0.0031592845916748047
1649444626.2438655,2.435449324015015,0.003200054168701172
1649444626.253852,2.431074190496536,0.003183126449584961
1649444626.2638397,2.4383244117557297,0.0031714439392089844
1649444626.2738354,2.4320742210150454,0.0031697750091552734
1649444626.2838361,2.434699301126133,0.0031702518463134766
1649444626.2938998,2.430324167607654,0.0032262802124023438
1649444626.3038561,2.430824182866909,0.0031871795654296875
1649444626.3138437,2.4318242133854184,0.003175973892211914
1649444626.323849,2.430699179052095,0.003186464309692383
1649444626.3339012,2.43019916379284,0.0032324790954589844
1649444626.3438635,2.4318242133854184,0.0031969547271728516
1649444626.3543942,2.4309491866817226,0.003730297088623047
1649444626.3638635,2.4279490951261944,0.003197908401489258
1649444626.3738422,2.4379494003112887,0.0031783580780029297
1649444626.3838456,2.42882412182989,0.0031766891479492188
1649444626.3938303,2.439574449903867,0.003161907196044922
1649444626.4038525,2.4335742667928097,0.0031881332397460938
1649444626.413847,2.4329492477187413,0.003179311752319336
1649444626.4238434,2.4401994689779354,0.0031747817993164062
1649444626.433825,2.4366993621631523,0.003157377243041992
1649444626.4438362,2.4344492934965056,0.0031747817993164062
1649444626.4538436,2.4344492934965056,0.0031762123107910156
1649444626.4638407,2.4321992248298594,0.003172636032104492
1649444626.4738371,2.4280740989410075,0.0031702518463134766
1649444626.4838357,2.4411994994964448,0.0031685829162597656
1649444626.4938354,2.4265740531632436,0.0031692981719970703
1649444626.5039542,2.437449385052034,0.003270864486694336
1649444626.513864,2.4234489577929015,0.003197908401489258
1649444626.5238528,2.428449110385449,0.003189563751220703
1649444626.5338993,2.4300741599780267,0.0032281875610351562
1649444626.5438576,2.4229489425336466,0.003193378448486328
1649444626.5538409,2.430824182866909,0.003178834915161133
1649444626.5638392,2.4276990874965665,0.0031778812408447266
1649444626.5738375,2.4319492172002324,0.003175973892211914
1649444626.5838416,2.422323923459578,0.0031745433807373047
1649444626.5939016,2.4269490646076846,0.003232240676879883
1649444626.6038594,2.4250740073854797,0.0031914710998535156
1649444626.6138456,2.418073793755913,0.003179311752319336
1649444626.6238425,2.4289491256447038,0.0031766891479492188
1649444626.633837,2.423198950163274,0.003172636032104492
1649444626.6433797,2.422698934904019,0.002665281295776367
1649444626.6538796,2.425949034089175,0.003214120864868164
1649444626.663454,2.426324045533616,0.0027527809143066406
1649444626.673894,2.428449110385449,0.003218412399291992
1649444626.6838593,2.424448988311411,0.003194570541381836
1649444626.6938362,2.432449232459487,0.0031676292419433594
1649444626.7038555,2.426324045533616,0.0031905174255371094
1649444626.7138577,2.422823938718833,0.003190279006958008
1649444626.7238493,2.4333242591631827,0.0031862258911132812
1649444626.7339213,2.433824274422437,0.0032455921173095703
1649444626.7438698,2.4411994994964448,0.003202676773071289
1649444626.7538798,2.4428245490890226,0.0031921863555908203
1649444626.7638593,2.444324594866787,0.0031952857971191406
1649444626.7738547,2.442199530014954,0.003190755844116211
1649444626.7838392,2.43594933927427,0.0031778812408447266
1649444626.7938385,2.4480747093111974,0.003175020217895508
1649444626.8038425,2.4361993469038974,0.0031824111938476562
1649444626.8138433,2.451324808496353,0.0031762123107910156
1649444626.8238485,2.4413245033112583,0.0031807422637939453
1649444626.8338432,2.4503247779778436,0.0031785964965820312
1649444626.8438144,2.4454496292001098,0.003141641616821289
1649444626.8538983,2.442699545274209,0.0032088756561279297
1649444626.8638427,2.447949705496384,0.0031735897064208984
1649444626.8738534,2.4464496597186196,0.0031890869140625
1649444626.8838418,2.4524498428296764,0.003180265426635742
1649444626.8933744,2.4484497207556384,0.002660512924194336
1649444626.9038744,2.4491997436445203,0.0032074451446533203
1649444626.9139822,2.4508247932370986,0.003285646438598633
1649444626.923877,2.4530748619037444,0.00321197509765625
1649444626.9339182,2.4458246406445507,0.003245830535888672
1649444626.9438496,2.4505747856074707,0.0031850337982177734
1649444626.953886,2.4490747398297064,0.003203153610229492
1649444626.963862,2.4515748161259805,0.003198862075805664
1649444626.9738455,2.448324716940825,0.0031816959381103516
1649444626.983849,2.456074953459273,0.0031871795654296875
1649444626.9938412,2.4559499496444595,0.003179311752319336
1649444627.003843,2.451449812311167,0.0031821727752685547
1649444627.0138445,2.45257484664449,0.0031766891479492188
1649444627.0238435,2.458825037385174,0.003177165985107422
1649444627.0338383,2.4495747550889613,0.003172159194946289
1649444627.0438416,2.452199835200049,0.003175497055053711
1649444627.0538712,2.4539498886074402,0.0032057762145996094
1649444627.0638459,2.4461996520889917,0.0031783580780029297
1649444627.07384,2.4539498886074402,0.003173351287841797
1649444627.083836,2.447949705496384,0.0031723976135253906
1649444627.0938346,2.4590750450148016,0.003168821334838867
1649444627.1038404,2.4533248695333723,0.0031774044036865234
1649444627.1138391,2.455699942014832,0.0031735897064208984
1649444627.1238434,2.4555749382000185,0.003177642822265625
1649444627.1338842,2.4531998657185583,0.003214597702026367
1649444627.1435091,2.462825159459212,0.002801179885864258
1649444627.1539276,2.4508247932370986,0.003259420394897461
1649444627.1638603,2.4677003082369455,0.0031960010528564453
1649444627.173833,2.4545749076815087,0.003171682357788086
1649444627.1838634,2.4655752433851132,0.003199338912963867
1649444627.1938684,2.460450086977752,0.0032029151916503906
1649444627.2039847,2.4634501785332805,0.003289461135864258
1649444627.2138708,2.4654502395702993,0.003206014633178711
1649444627.2238564,2.469325357829524,0.0031938552856445312
1649444627.233844,2.4639501937925354,0.0031800270080566406
1649444627.2438943,2.473575487533189,0.003224611282348633
1649444627.2538607,2.478575640125736,0.00319671630859375
1649444627.263847,2.477200598162786,0.0031845569610595703
1649444627.2738316,2.482950773644215,0.0031685829162597656
1649444627.2838511,2.4863258766441847,0.0031883716583251953
1649444627.2938416,2.4979512314218573,0.003174304962158203
1649444627.3038354,2.4868258919034396,0.0031707286834716797
1649444627.3138428,2.502076357310709,0.0031757354736328125
1649444627.3238773,2.4930760826441234,0.003210783004760742
1649444627.333788,2.496576189458907,0.0031201839447021484
1649444627.3438647,2.5022013611255227,0.003197908401489258
1649444627.3538797,2.5018263496810813,0.003217458724975586
1649444627.363855,2.504951445051424,0.0031909942626953125
1649444627.3738503,2.506451490829188,0.0031859874725341797
1649444627.3838482,2.5070765099032566,0.0031812191009521484
1649444627.3933995,2.508951567125462,0.002729177474975586
1649444627.4038916,2.509701590014344,0.0032172203063964844
1649444627.4138598,2.5114516434217355,0.0031919479370117188
1649444627.4238527,2.5115766472365486,0.0031859874725341797
1649444627.43385,2.5125766777550584,0.0031812191009521484
1649444627.443369,2.5102016052735983,0.0026586055755615234
1649444627.453728,2.5125766777550584,0.0030584335327148438
1649444627.4639585,2.512701681569872,0.003264188766479492
1649444627.4738836,2.513076693014313,0.003217935562133789
1649444627.48386,2.5139517197180092,0.0031909942626953125
1649444627.4938395,2.5134517044587543,0.0031762123107910156
1649444627.50394,2.513576708273568,0.0032596588134765625
1649444627.5138643,2.5120766624958035,0.003200054168701172
1649444627.5238442,2.5134517044587543,0.003183126449584961
1649444627.5339296,2.5129516891995,0.0032584667205810547
1649444627.5439124,2.5129516891995,0.003236532211303711
1649444627.5538535,2.5149517502365186,0.003191232681274414
1649444627.5638523,2.515076754051332,0.003189563751220703
1649444627.573841,2.5165767998290964,0.0031774044036865234
1649444627.583839,2.51670180364391,0.003178119659423828
1649444627.593833,2.5153267616809596,0.0031728744506835938
1649444627.6038256,2.51670180364391,0.0031642913818359375
1649444627.613929,2.516826807458724,0.003247499465942383
1649444627.623852,2.5157017731254006,0.0031867027282714844
1649444627.6338484,2.5154517654957735,0.003186464309692383
1649444627.6438482,2.5154517654957735,0.0031850337982177734
1649444627.6538358,2.5160767845698415,0.003174304962158203
1649444627.6638312,2.5159517807550276,0.003163576126098633
1649444627.6738443,2.516826807458724,0.0031816959381103516
1649444627.6838405,2.517201818903165,0.003173828125
1649444627.6938338,2.51670180364391,0.0031676292419433594
1649444627.703931,2.517326822717979,0.00325775146484375
1649444627.7139225,2.5165767998290964,0.0032401084899902344
1649444627.7238538,2.518826868495743,0.003184795379638672
1649444627.7338786,2.5165767998290964,0.003210306167602539
1649444627.7438583,2.517576830347606,0.0031931400299072266
1649444627.753842,2.51907687612537,0.00318145751953125
1649444627.7638402,2.517451826532792,0.0031795501708984375
1649444627.7738311,2.518576860866115,0.003168344497680664
1649444627.7838411,2.517951841792047,0.0031805038452148438
1649444627.7938347,2.519451887569811,0.0031685829162597656
1649444627.8038282,2.5195768913846246,0.003163576126098633
1649444627.8138328,2.5198268990142525,0.0031676292419433594
1649444627.8244033,2.520701925717948,0.0037369728088378906
1649444627.833883,2.5217019562364578,0.003209352493286133
1649444627.843846,2.5220769676808987,0.0031783580780029297
1649444627.853838,2.5235770134586626,0.0031723976135253906
1649444627.8638325,2.5237020172734765,0.003168344497680664
1649444627.8738263,2.5253270668660543,0.0031621456146240234
1649444627.8838265,2.5259520859401228,0.003160715103149414
1649444627.8938494,2.529452192754906,0.0031778812408447266
1649444627.9038355,2.5283271584215825,0.0031702518463134766
1649444627.9138248,2.5300772118289747,0.0031588077545166016
1649444627.9238315,2.5297022003845333,0.0031664371490478516
1649444627.9338589,2.5339523300881988,0.0031936168670654297
1649444627.943854,2.5335773186437573,0.003191709518432617
1649444627.953839,2.5347023529770807,0.003176450729370117
1649444627.9638345,2.5370774254585404,0.0031735897064208984
1649444627.973813,2.5383274636066777,0.0031516551971435547
1649444627.9838605,2.54045252845851,0.003179788589477539
1649444627.993836,2.543702627643666,0.003170013427734375
1649444628.003842,2.544452650532548,0.0031747817993164062
1649444628.0138283,2.5455776848658713,0.003160715103149414
1649444628.0238357,2.5485777764214,0.003171205520629883
1649444628.0338345,2.5500778221991642,0.003169536590576172
1649444628.0438282,2.5508278450880457,0.0031630992889404297
1649444628.0538337,2.550702841273232,0.00316619873046875
1649444628.063833,2.5508278450880457,0.0031671524047851562
1649444628.073831,2.5542029480880153,0.0031647682189941406
1649444628.083836,2.5555779900509656,0.0031714439392089844
1649444628.09384,2.551577867976928,0.003173351287841797
1649444628.1038249,2.5514528641621146,0.003159761428833008
1649444628.1138303,2.563328226569414,0.0031638145446777344
1649444628.1238294,2.553577929013947,0.003162860870361328
1649444628.1338623,2.568203375347148,0.003195524215698242
1649444628.1438525,2.5509528489028597,0.003187417984008789
1649444628.1538382,2.5729535203100684,0.003176450729370117
1649444628.1638412,2.575453596606342,0.0031795501708984375
1649444628.1738896,2.565078279976806,0.0032269954681396484
1649444628.1838443,2.567328348643452,0.003177165985107422
1649444628.1938422,2.5775786614581744,0.0031766891479492188
1649444628.203832,2.5697034211249123,0.003167390823364258
1649444628.2138293,2.583328836939604,0.0031647682189941406
1649444628.2238843,2.5733285317545094,0.0032138824462890625
1649444628.2338455,2.5812037720877714,0.003178119659423828
1649444628.2438319,2.584078859828486,0.003165006637573242
1649444628.2538369,2.5808287606433304,0.003171682357788086
1649444628.2638407,2.589329020050661,0.003173828125
1649444628.2733722,2.5775786614581744,0.002656221389770508
1649444628.283874,2.5895790276802884,0.003208160400390625
1649444628.2934566,2.579578722495193,0.0027561187744140625
1649444628.3038826,2.586078920865505,0.0032095909118652344
1649444628.3137314,2.588328989532151,0.003067493438720703
1649444628.3238492,2.588328989532151,0.003186464309692383
1649444628.333878,2.5838288521988586,0.0032150745391845703
1649444628.343868,2.588078981902524,0.003203868865966797
1649444628.3538423,2.588078981902524,0.0031807422637939453
1649444628.3638463,2.582203802606281,0.0031843185424804688
1649444628.3738687,2.5922041077913756,0.0032036304473876953
1649444628.383842,2.5878289742728966,0.003180265426635742
1649444628.393836,2.594454176458022,0.0031709671020507812
1649444628.4038508,2.5903290505691703,0.0031883716583251953
1649444628.4138448,2.6000793481246376,0.0031769275665283203
1649444628.4238443,2.5933291421246984,0.0031778812408447266
1649444628.4338384,2.5999543443098236,0.0031747817993164062
1649444628.443838,2.596329233680227,0.003174304962158203
1649444628.4538374,2.6020794091616564,0.0031707286834716797
1649444628.4638526,2.592079103976562,0.0031843185424804688
1649444628.473826,2.605329508346812,0.0031609535217285156
1649444628.4838538,2.5960792260505996,0.003171682357788086
1649444628.4938393,2.6057045197912534,0.0031621456146240234
1649444628.5039556,2.601204382457961,0.003272533416748047
1649444628.5138555,2.605454512161626,0.003190279006958008
1649444628.5238404,2.5958292184209726,0.003178834915161133
1649444628.5338743,2.6082045960875275,0.0032122135162353516
1649444628.543351,2.5940791650135804,0.0026540756225585938
1649444628.5538547,2.6112046876430552,0.0031898021697998047
1649444628.5638537,2.599079317606128,0.003191709518432617
1649444628.5738416,2.6104546647541733,0.0031800270080566406
1649444628.5838287,2.600704367198706,0.003162384033203125
1649444628.5938406,2.609079622791223,0.003180265426635742
1649444628.6038284,2.5960792260505996,0.003164529800415039
1649444628.6138313,2.609704641865291,0.003166675567626953
1649444628.6238303,2.605079500717185,0.003165721893310547
1649444628.6334817,2.605829523606067,0.002815723419189453
1649444628.643884,2.609829645680105,0.0032198429107666016
1649444628.6538308,2.607329569383831,0.0031676292419433594
1649444628.6638663,2.6109546800134282,0.003183603286743164
1649444628.6738472,2.6077045808282726,0.0031845569610595703
1649444628.683847,2.6128297372356335,0.003180980682373047
1649444628.6938403,2.60082937101352,0.0031747817993164062
1649444628.7038314,2.61170470290231,0.0031681060791015625
1649444628.7138236,2.6013293862727744,0.0031592845916748047
1649444628.7238412,2.610204657124546,0.003177642822265625
1649444628.7338722,2.6064545426801353,0.003205537796020508
1649444628.7438602,2.6083295999023406,0.003198862075805664
1649444628.7538278,2.608704611346782,0.003167390823364258
1649444628.7638388,2.609829645680105,0.003177642822265625
1649444628.7738302,2.6005793633838925,0.003168821334838867
1649444628.783836,2.613829767754143,0.003170490264892578
1649444628.793833,2.6100796533097324,0.0031690597534179688
1649444628.8037667,2.605079500717185,0.0031061172485351562
1649444628.813847,2.613954771568957,0.0031807422637939453
1649444628.8238325,2.607454573198645,0.0031692981719970703
1649444628.8338292,2.608954618976409,0.003163576126098633
1649444628.8438303,2.6083295999023406,0.0031659603118896484
1649444628.8538275,2.613829767754143,0.0031626224517822266
1649444628.8638253,2.601079378643147,0.0031609535217285156
1649444628.8738282,2.617329874568926,0.003162860870361328
1649444628.8838289,2.6035794549394207,0.0031659603118896484
1649444628.8938248,2.617329874568926,0.0031604766845703125
1649444628.9038303,2.6045794854579305,0.0031652450561523438
1649444628.913829,2.6164548478652305,0.0031654834747314453
1649444628.9238288,2.609204626606037,0.0031638145446777344
1649444628.9338672,2.6149548020874662,0.003202199935913086
1649444628.9438574,2.616579851680044,0.0031952857971191406
1649444628.9538217,2.6199549546800136,0.0031599998474121094
1649444628.9639027,2.615329813531907,0.0032286643981933594
1649444628.9738486,2.60932963042085,0.003186464309692383
1649444628.9838452,2.622080019531846,0.0031785964965820312
1649444628.993824,2.6038294625690486,0.0031592845916748047
1649444629.0038595,2.620079958494827,0.0031766891479492188
1649444629.0133662,2.61170470290231,0.002654552459716797
1649444629.0238726,2.615704824976348,0.0032083988189697266
1649444629.0337267,2.619704947050386,0.003027677536010742
1649444629.0438828,2.618079897457808,0.0032100677490234375
1649444629.0538518,2.621329996642964,0.003188610076904297
1649444629.0638235,2.61170470290231,0.0031571388244628906
1649444629.073855,2.6232050538651692,0.003194093704223633
1649444629.0838501,2.609579638050478,0.003184795379638672
1649444629.0938423,2.624205084383679,0.0031766891479492188
1649444629.1038425,2.61032966093936,0.0031783580780029297
1649444629.113835,2.62358006530961,0.003171682357788086
1649444629.1238344,2.6144547868282113,0.0031702518463134766
1649444629.1338692,2.621830011902219,0.003202199935913086
1649444629.1438713,2.627205175939207,0.003208160400390625
1649444629.153856,2.613829767754143,0.003191709518432617
1649444629.1639595,2.6274551835688347,0.0032727718353271484
1649444629.1738634,2.6232050538651692,0.0032029151916503906
1649444629.1838439,2.6210799890133365,0.003182649612426758
1649444629.1938486,2.6234550614947967,0.003184795379638672
1649444629.2038417,2.6190799279763177,0.003177165985107422
1649444629.2138698,2.62833021027253,0.003206491470336914
1649444629.223841,2.6253301187170015,0.0031805038452148438
1649444629.2338212,2.623955076754051,0.003155946731567383
1649444629.243842,2.62833021027253,0.003179788589477539
1649444629.253837,2.62358006530961,0.003178119659423828
1649444629.2638414,2.6285802179021576,0.003175973892211914
1649444629.273837,2.631580309457686,0.0031731128692626953
1649444629.2833605,2.6287052217169715,0.002694845199584961
1649444629.2944884,2.6295802484206674,0.003818035125732422
1649444629.3038611,2.634580401013215,0.0031914710998535156
1649444629.3138297,2.631580309457686,0.003164529800415039
1649444629.323872,2.632080324716941,0.0032072067260742188
1649444629.3339136,2.634455397198401,0.0032448768615722656
1649444629.3438807,2.6312052980132448,0.0032176971435546875
1649444629.3538318,2.6349554124576557,0.0031702518463134766
1649444629.3638577,2.6299552598651084,0.003196239471435547
1649444629.3738437,2.635580431531724,0.0031833648681640625
1649444629.3838387,2.628205206457717,0.0031747817993164062
1649444629.3938375,2.6337053743095185,0.003174304962158203
1649444629.403838,2.637080477309488,0.0031731128692626953
1649444629.4138322,2.6400805688650166,0.0031676292419433594
1649444629.4238276,2.6303302713095493,0.003164052963256836
1649444629.4338346,2.63883053071688,0.0031702518463134766
1649444629.443827,2.6333303628650775,0.0031638145446777344
1649444629.4538236,2.6369554734946745,0.0031614303588867188
1649444629.4730499,2.6392055421613207,0.0027627944946289062
1649444629.4762826,2.6398305612353896,0.0027403831481933594
1649444629.4835038,2.6360804467909786,0.0028009414672851562
1649444629.4934556,2.6427056489761043,0.0027513504028320312
1649444629.5034657,2.6338303781243324,0.0027709007263183594
1649444629.5134065,2.6374554887539294,0.0027108192443847656
1649444629.5234094,2.634580401013215,0.0027146339416503906
1649444629.5334542,2.6322053285317546,0.0027441978454589844
1649444629.5446906,2.634580401013215,0.002767801284790039
1649444629.5533996,2.6330803552354505,0.0027036666870117188
1649444629.563229,2.6353304239020967,0.0025451183319091797
1649444629.5736406,2.626830164494766,0.002969026565551758
1649444629.583695,2.6357054353465377,0.0030269622802734375
1649444629.593742,2.629705252235481,0.003071308135986328
1649444629.6036649,2.6369554734946745,0.002992391586303711
1649444629.6136022,2.6343303933835873,0.002932310104370117
1649444629.6236994,2.6314553056428727,0.0030281543731689453
1649444629.6336203,2.630080263679922,0.0029494762420654297
1649444629.643637,2.6243300881984926,0.002965211868286133
1649444629.653603,2.626830164494766,0.0029289722442626953
1649444629.6635907,2.620454969939268,0.002926349639892578
1649444629.6736424,2.618204901272622,0.0029659271240234375
1649444629.6839974,2.616954863124485,0.003304719924926758
1649444629.6936717,2.6254551225318155,0.003012418746948242
1649444629.7036002,2.617829889828181,0.0029363632202148438
1649444629.713619,2.6123297219763786,0.0029485225677490234
1649444629.72359,2.617704886013367,0.0029261112213134766
1649444629.7336817,2.6040794701986756,0.003009319305419922
1649444629.7435937,2.6199549546800136,0.0029230117797851562
1649444629.753603,2.6112046876430552,0.002942323684692383
1649444629.7636185,2.6085796075319685,0.0029518604278564453
1649444629.7735991,2.618329905087436,0.0029265880584716797
1649444629.7836065,2.6024544206060973,0.002942323684692383
1649444629.79363,2.609454634235664,0.0029675960540771484
1649444629.8264914,2.604704489272744,0.025818586349487305
1649444629.8298116,2.600704367198706,0.0029442310333251953
1649444629.8330996,2.5948291879024628,0.002911806106567383
1649444629.8363514,2.594454176458022,0.0028939247131347656
1649444629.843615,2.5957042146061586,0.0029485225677490234
1649444629.8535903,2.597204260383923,0.002919912338256836
1649444629.8635974,2.5897040314951014,0.002933979034423828
1649444629.8736448,2.5874539628284556,0.002969980239868164
1649444629.883575,2.5869539475692007,0.002906322479248047
1649444629.8937528,2.5834538407544176,0.0029458999633789062
1649444629.9035757,2.5868289437543868,0.002904653549194336
1649444629.913632,2.5847038789025545,0.0029680728912353516
1649444629.9236183,2.57132847071749,0.0029463768005371094
1649444629.9336512,2.579953733939634,0.002985715866088867
1649444629.943604,2.565703299050875,0.0029354095458984375
1649444629.9536092,2.5688283944212165,0.002939939498901367
1649444629.9636135,2.5628282113101593,0.002947092056274414
1649444629.9736762,2.557203039643544,0.0030059814453125
1649444629.9835975,2.5427025971251567,0.0029265880584716797
1649444629.9936535,2.552827906125065,0.0029833316802978516
1649444630.0038757,2.5503278298287912,0.003197908401489258
1649444630.0232558,2.5382024597918638,0.0029153823852539062
1649444630.0267303,2.5368274178289134,0.003050088882446289
1649444630.0338445,2.534952360606708,0.0030868053436279297
1649444630.0440226,2.533827326273385,0.0032875537872314453
1649444630.0541537,2.5328272957548754,0.0034515857696533203
1649444630.0648448,2.5333273110141303,0.00403594970703125
1649444630.074638,2.5330773033845024,0.0038199424743652344
1649444630.083699,2.5323272804956205,0.0028884410858154297
1649444630.093843,2.5302022156437878,0.0031659603118896484
1649444630.1034405,2.5285771660512104,0.0027627944946289062
1649444630.113981,2.526577105014191,0.003313302993774414
1649444630.1239705,2.525202063051241,0.003305196762084961
1649444630.1335292,2.524702047791986,0.0028634071350097656
1649444630.143483,2.523452009643849,0.002828359603881836
1649444630.1534414,2.523327005829035,0.002791166305541992
1649444630.1634343,2.5228269905697807,0.0027871131896972656
1649444630.1734288,2.524702047791986,0.0027816295623779297
1649444630.1834245,2.5228269905697807,0.002779245376586914
1649444630.1934197,2.5232020020142216,0.0027751922607421875
1649444630.2034237,2.52382702108829,0.0027742385864257812
1649444630.2134206,2.52382702108829,0.0027713775634765625
1649444630.22342,2.5244520401623585,0.002771139144897461
1649444630.2334168,2.525202063051241,0.002768278121948242
1649444630.2434194,2.5264521011993777,0.0027709007263183594
1649444630.2531087,2.525077059236427,0.002460956573486328
1649444630.2634323,2.5240770287179175,0.00278472900390625
1649444630.2734294,2.5257020783104958,0.0027780532836914062
1649444630.2834523,2.5235770134586626,0.0028023719787597656
1649444630.2936032,2.5222019714957122,0.0028221607208251953
1649444630.3034303,2.521201940977203,0.002782106399536133
1649444630.3134232,2.520826929532762,0.002774477005004883
1649444630.3234189,2.521201940977203,0.00276947021484375
1649444630.3334227,2.521576952421644,0.002774477005004883
1649444630.343468,2.520326914273507,0.0028166770935058594
1649444630.353443,2.514451734977264,0.0027937889099121094
1649444630.3634317,2.5149517502365186,0.002782583236694336
1649444630.3734252,2.5129516891995,0.002778768539428711
1649444630.383421,2.514701742606891,0.0027718544006347656
1649444630.3934233,2.514701742606891,0.0027756690979003906
1649444630.4034376,2.514576738792077,0.002790689468383789
1649444630.413611,2.513326700643941,0.002954244613647461
1649444630.4234517,2.513201696829127,0.0027992725372314453
1649444630.4334352,2.5139517197180092,0.0027871131896972656
1649444630.4434183,2.5117016510513626,0.0027692317962646484
1649444630.4534357,2.512826685384686,0.002785921096801758
1649444630.4634283,2.512701681569872,0.002778768539428711
1649444630.4734216,2.5114516434217355,0.002773761749267578
1649444630.4834428,2.5114516434217355,0.0027937889099121094
1649444630.4934373,2.5102016052735983,0.0027899742126464844
1649444630.5035179,2.5098265938291573,0.002864837646484375
1649444630.513448,2.51195165868099,0.0027976036071777344
1649444630.5237136,2.5102016052735983,0.0030364990234375
1649444630.5334728,2.5105766167180397,0.0028219223022460938
1649444630.5434804,2.5078265327921385,0.0028290748596191406
1649444630.553435,2.5078265327921385,0.0027861595153808594
1649444630.563448,2.5109516281624806,0.0027980804443359375
1649444630.5734305,2.510701620532853,0.002783060073852539
1649444630.583511,2.5125766777550584,0.0028519630432128906
1649444630.593444,2.512826685384686,0.002796173095703125
1649444630.603421,2.5140767235328227,0.0027747154235839844
1649444630.613633,2.513326700643941,0.002980470657348633
1649444630.623504,2.5140767235328227,0.0028443336486816406
1649444630.6334474,2.5120766624958035,0.002798795700073242
1649444630.643423,2.512451673940245,0.0027768611907958984
1649444630.6534307,2.5142017273476363,0.0027794837951660156
1649444630.6634228,2.5129516891995,0.0027763843536376953
1649444630.6734204,2.513201696829127,0.0027723312377929688
1649444630.6834273,2.512826685384686,0.0027790069580078125
1649444630.6934392,2.5129516891995,0.0027921199798583984
1649444630.7034364,2.512451673940245,0.002789735794067383
1649444630.7134175,2.5134517044587543,0.0027675628662109375
1649444630.7234266,2.513326700643941,0.002781391143798828
1649444630.733714,2.5139517197180092,0.0030660629272460938
1649444630.7434795,2.514826746421705,0.0028269290924072266
1649444630.7534585,2.5129516891995,0.002805948257446289
1649444630.7634358,2.513576708273568,0.0027887821197509766
1649444630.7734237,2.514451734977264,0.002777576446533203
1649444630.783437,2.5138267159031953,0.0027878284454345703
1649444630.793481,2.5125766777550584,0.0028290748596191406
1649444630.803436,2.508951567125462,0.0027892589569091797
1649444630.8134296,2.508951567125462,0.002780914306640625
1649444630.82343,2.5077015289773246,0.002782583236694336
1649444630.83348,2.5074515213476976,0.002828836441040039
1649444630.8434343,2.5082015442365795,0.002788543701171875
1649444630.8534262,2.508451551866207,0.0027778148651123047
1649444630.8634582,2.508576555681021,0.002806425094604492
1649444630.8735077,2.5099515976439712,0.0028514862060546875
1649444630.883452,2.5118266548661765,0.002802133560180664
1649444630.893439,2.5082015442365795,0.002789735794067383
1649444630.9034305,2.510326609088412,0.0027818679809570312
1649444630.9134247,2.508701559495834,0.0027761459350585938
1649444630.923422,2.508576555681021,0.0027747154235839844
1649444630.9334269,2.5099515976439712,0.002778768539428711
1649444630.9434736,2.508826563310648,0.002824068069458008
1649444630.9534361,2.510326609088412,0.002788543701171875
1649444630.963427,2.510451612903226,0.002780914306640625
1649444630.9734237,2.512826685384686,0.0027778148651123047
1649444630.9838517,2.513326700643941,0.0031480789184570312
1649444630.99332,2.5138267159031953,0.0026407241821289062
1649444631.003307,2.5158267769402145,0.0026311874389648438
1649444631.0133104,2.517201818903165,0.0026350021362304688
1649444631.0233076,2.5195768913846246,0.0026323795318603516
1649444631.0334234,2.52382702108829,0.0027205944061279297
1649444631.0441146,2.5257020783104958,0.0034406185150146484
1649444631.0534737,2.529077181310465,0.0027561187744140625
1649444631.0633712,2.5324522843104345,0.002683877944946289
1649444631.0737128,2.53570238349559,0.0026640892028808594
1649444631.0837908,2.538827478865932,0.0026428699493408203
1649444631.0942123,2.5419525742362743,0.003221750259399414
1649444631.1042185,2.544952665791803,0.0032312870025634766
1649444631.1142092,2.5478277535325176,0.0032186508178710938
1649444631.1241941,2.549327799310282,0.0032181739807128906
1649444631.1341922,2.553577929013947,0.0032095909118652344
1649444631.144303,2.555953001495407,0.0032529830932617188
1649444631.154215,2.557703054902799,0.0032205581665039062
1649444631.1641934,2.561578173162023,0.0032126903533935547
1649444631.1741962,2.562953215124973,0.0032100677490234375
1649444631.1836734,2.5665783257545702,0.0026900768280029297
1649444631.1943874,2.5675783562730796,0.003124713897705078
1649444631.2037888,2.569453413495285,0.003125429153442383
1649444631.2137885,2.570203436384167,0.0031218528747558594
1649444631.223778,2.567828363902707,0.003113269805908203
1649444631.233758,2.569578417310099,0.0030999183654785156
1649444631.2442923,2.57607861568041,0.0036323070526123047
1649444631.2544181,2.56520328379162,0.003133535385131836
1649444631.2643836,2.5813287759025854,0.0031282901763916016
1649444631.2743623,2.5700784325693533,0.0031175613403320312
1649444631.2838972,2.5869539475692007,0.0032358169555664062
1649444631.2941973,2.584578875087741,0.0032091140747070312
1649444631.3033435,2.590454054383984,0.0026471614837646484
1649444631.3139224,2.573828547013764,0.0032625198364257812
1649444631.3238904,2.58795397808771,0.0032205581665039062
1649444631.3338795,2.591579088717307,0.003208637237548828
1649444631.344307,2.5783286843470568,0.003260374069213867
1649444631.3542242,2.5979542832728053,0.0032224655151367188
1649444631.3637645,2.588078981902524,0.0026502609252929688
1649444631.3742368,2.6028294320505387,0.0032269954681396484
1649444631.3838649,2.588578997161779,0.0028433799743652344
1649444631.3938212,2.6005793633838925,0.003160715103149414
1649444631.404087,2.6045794854579305,0.0031332969665527344
1649444631.4140737,2.596454237495041,0.0031270980834960938
1649444631.4240727,2.607829584643086,0.003134012222290039
1649444631.4340713,2.6002043519394515,0.0031261444091796875
1649444631.4440901,2.6064545426801353,0.003148317337036133
1649444631.4540782,2.607454573198645,0.003123044967651367
1649444631.4640613,2.61032966093936,0.0031261444091796875
1649444631.4740562,2.612204718161565,0.0031156539916992188
1649444631.484151,2.612954741050447,0.0032188892364501953
1649444631.4941697,2.617829889828181,0.0032143592834472656
1649444631.503665,2.617329874568926,0.0026590824127197266
1649444631.514252,2.6140797753837703,0.003233194351196289
1649444631.5241976,2.622330027161474,0.0032165050506591797
1649444631.534187,2.607329569383831,0.0032050609588623047
1649444631.5442452,2.6212049928281504,0.003255605697631836
1649444631.5542157,2.613829767754143,0.0032215118408203125
1649444631.5642009,2.6172048707541125,0.0032129287719726562
1649444631.5741832,2.6188299203466903,0.0032045841217041016
1649444631.584286,2.6188299203466903,0.0033118724822998047
1649444631.594099,2.6198299508652,0.0031294822692871094
1649444631.6040618,2.615329813531907,0.003119230270385742
1649444631.6140559,2.6164548478652305,0.003118753433227539
1649444631.6240497,2.613704763939329,0.003112316131591797
1649444631.634217,2.6125797296060065,0.003237485885620117
1649444631.6441324,2.615579821161534,0.003145456314086914
1649444631.6540837,2.617329874568926,0.003129720687866211
1649444631.6640882,2.6170798669392985,0.003137350082397461
1649444631.6740859,2.6149548020874662,0.0031249523162841797
1649444631.6840546,2.60557951597644,0.0031130313873291016
1649444631.694101,2.618204901272622,0.003155231475830078
1649444631.7040858,2.6057045197912534,0.0031309127807617188
1649444631.7140634,2.6187049165318768,0.003123044967651367
1649444631.7240574,2.605454512161626,0.0031197071075439453
1649444631.7346022,2.6188299203466903,0.0036580562591552734
1649444631.7441368,2.609954649494919,0.0031747817993164062
1649444631.7540953,2.618954924161504,0.0031349658966064453
1649444631.7640686,2.6109546800134282,0.003127574920654297
1649444631.7743797,2.6187049165318768,0.0031206607818603516
1649444631.7840571,2.611829706717124,0.003116130828857422
1649444631.7941751,2.6152048097170932,0.003214120864868164
1649444631.8041914,2.6082045960875275,0.003202676773071289
1649444631.8141885,2.613704763939329,0.0032052993774414062
1649444631.8241818,2.61032966093936,0.003202676773071289
1649444631.834178,2.615704824976348,0.0032029151916503906
1649444631.8441775,2.6042044740134895,0.0032012462615966797
1649444631.8541734,2.6148297982726523,0.0032012462615966797
1649444631.8641818,2.6080795922727136,0.0032041072845458984
1649444631.874175,2.613579760124516,0.0032029151916503906
1649444631.884178,2.608704611346782,0.0032024383544921875
1649444631.8941007,2.607079561754204,0.0031239986419677734
1649444631.904059,2.5987043061616872,0.003118753433227539
1649444631.9143593,2.596704245124668,0.003114938735961914
1649444631.9240537,2.5965792413098545,0.003122091293334961
1649444631.9339616,2.59507919553209,0.0028569698333740234
1649444631.9437408,2.5895790276802884,0.0026421546936035156
1649444631.9542735,2.5987043061616872,0.0032460689544677734
1649444631.9642773,2.5918290963469346,0.0032494068145751953
1649444631.9742873,2.596454237495041,0.0032618045806884766
1649444631.983835,2.5905790581987977,0.002801656723022461
1649444631.993494,2.5958292184209726,0.002837657928466797
1649444632.0034444,2.5808287606433304,0.0027952194213867188
1649444632.0134475,2.592954130680258,0.002799510955810547
1649444632.0234425,2.5863289284951323,0.0027937889099121094
1649444632.033428,2.5939541611987673,0.002783536911010742
1649444632.0434225,2.5825788140507218,0.002778291702270508
1649444632.053429,2.5938291573839534,0.0027811527252197266
1649444632.0634298,2.5878289742728966,0.0027823448181152344
1649444632.0734258,2.5865789361247598,0.0027811527252197266
1649444632.083426,2.5874539628284556,0.0027780532836914062
1649444632.0934243,2.5834538407544176,0.0027801990509033203
1649444632.1034675,2.5943291726432083,0.002819538116455078
1649444632.1134334,2.5852038941618094,0.0027887821197509766
1649444632.1234288,2.591954100161748,0.0027799606323242188
1649444632.1334312,2.592954130680258,0.002783060073852539
1649444632.1434724,2.5939541611987673,0.0028209686279296875
1649444632.1535509,2.5979542832728053,0.0028781890869140625
1649444632.1636162,2.5947041840876492,0.0029494762420654297
1649444632.1734555,2.6017043977172154,0.0028083324432373047
1649444632.183444,2.596454237495041,0.002794027328491211
1649444632.193438,2.60082937101352,0.002790212631225586
1649444632.2034376,2.595954222235786,0.0027899742126464844
1649444632.213448,2.5977042756431774,0.0028007030487060547
1649444632.2237291,2.6028294320505387,0.003081083297729492
1649444632.233435,2.603454451124607,0.002787351608276367
1649444632.2434278,2.597079256569109,0.002780914306640625
1649444632.2534294,2.607329569383831,0.002781391143798828
1649444632.2634232,2.6049544969023715,0.002777576446533203
1649444632.273427,2.6028294320505387,0.0027778148651123047
1649444632.2834232,2.6045794854579305,0.0027756690979003906
1649444632.2934473,2.610204657124546,0.002798318862915039
1649444632.3034372,2.5980792870876184,0.0027894973754882812
1649444632.3134246,2.609829645680105,0.0027801990509033203
1649444632.3234293,2.5983292947172463,0.0027811527252197266
1649444632.3334258,2.6108296761986143,0.002777576446533203
1649444632.343474,2.5998293404950106,0.0028257369995117188
1649444632.3534665,2.609704641865291,0.0028192996978759766
1649444632.36344,2.6042044740134895,0.0027933120727539062
1649444632.3734307,2.60932963042085,0.0027849674224853516
1649444632.3834522,2.605329508346812,0.002803325653076172
1649444632.393431,2.6033294473097937,0.0027861595153808594
1649444632.4035175,2.6004543595690786,0.0028574466705322266
1649444632.4135263,2.591954100161748,0.0028600692749023438
1649444632.4234529,2.6025794244209113,0.0028040409088134766
1649444632.433434,2.58795397808771,0.002789020538330078
1649444632.4434378,2.601579393902402,0.002789735794067383
1649444632.453437,2.5953292031617177,0.0027914047241210938
1649444632.4634273,2.6037044587542346,0.0027799606323242188
1649444632.473434,2.5935791497543264,0.002790212631225586
1649444632.483443,2.5985793023468733,0.002794504165649414
1649444632.4934442,2.5854539017914364,0.0027947425842285156
1649444632.5035217,2.5794537186803796,0.0028624534606933594
1649444632.5134513,2.5724535050508135,0.002803802490234375
1649444632.5234408,2.5578280587176123,0.0027959346771240234
1649444632.5334306,2.5555779900509656,0.002785205841064453
1649444632.543488,2.539952513199255,0.0028395652770996094
1649444632.5534403,2.532202276680807,0.0027959346771240234
1649444632.5634298,2.5177018341624198,0.0027856826782226562
1649444632.5734334,2.5139517197180092,0.0027883052825927734
1649444632.583429,2.509201574755089,0.0027816295623779297
1649444632.5934227,2.5027013763847776,0.0027790069580078125
1649444632.6034255,2.4988262581255536,0.002778768539428711
1649444632.6134248,2.4948261360515156,0.0027790069580078125
1649444632.623424,2.492076052125614,0.002778768539428711
1649444632.6334214,2.4864508804589986,0.0027773380279541016
1649444632.6434276,2.4804506973479414,0.002781391143798828
1649444632.6534197,2.4769505905331584,0.0027761459350585938
1649444632.663552,2.47057539597766,0.0028846263885498047
1649444632.6734495,2.466700277718436,0.0028047561645507812
1649444632.6834352,2.462825159459212,0.002791166305541992
1649444632.693821,2.4629501632740256,0.0031304359436035156
1649444632.7036943,2.464325205236976,0.002651214599609375
1649444632.7136862,2.4612001098666343,0.0026595592498779297
1649444632.7237043,2.4678253120517595,0.002655029296875
1649444632.7336721,2.464950224311045,0.002643585205078125
1649444632.7437246,2.4541998962370677,0.002696514129638672
1649444632.753703,2.464575212866604,0.0026569366455078125
1649444632.7636704,2.4496997589037752,0.0026445388793945312
1649444632.7736628,2.4593250526444286,0.0026416778564453125
1649444632.7836628,2.4428245490890226,0.002634286880493164
1649444632.7942345,2.4615751213110753,0.003213644027709961
1649444632.8040667,2.448324716940825,0.003120899200439453
1649444632.8140597,2.4455746330149237,0.0031235218048095703
1649444632.8240619,2.443824579607532,0.0031244754791259766
1649444632.834056,2.4384494155705436,0.0031163692474365234
1649444632.8440528,2.4464496597186196,0.0031120777130126953
1649444632.8540564,2.4379494003112887,0.0031147003173828125
1649444632.8643804,2.4448246101260414,0.003117799758911133
1649444632.874057,2.4340742820520647,0.0031249523162841797
1649444632.8843687,2.443824579607532,0.003116130828857422
1649444632.8938692,2.4379494003112887,0.0032112598419189453
1649444632.9042192,2.4371993774224068,0.0032172203063964844
1649444632.914177,2.439449446089053,0.003203153610229492
1649444632.9241753,2.435074312570574,0.0032014846801757812
1649444632.9341755,2.44307455671865,0.0032012462615966797
1649444632.9436426,2.433449262977996,0.0026445388793945312
1649444632.9537756,2.4333242591631827,0.002758026123046875
1649444632.9643705,2.4416995147556997,0.0032837390899658203
1649444632.9742277,2.4318242133854184,0.0032227039337158203
1649444632.9841907,2.4379494003112887,0.0032105445861816406
1649444632.9942732,2.432824243903928,0.0031900405883789062
1649444633.0040743,2.4413245033112583,0.003126382827758789
1649444633.0140657,2.43119919431135,0.0031228065490722656
1649444633.0243914,2.43119919431135,0.0031168460845947266
1649444633.0340385,2.429949156163213,0.0031054019927978516
1649444633.044381,2.4335742667928097,0.003137350082397461
1649444633.0540617,2.4269490646076846,0.003118276596069336
1649444633.0640478,2.4369493697927793,0.003119945526123047
1649444633.0743673,2.4274490798669395,0.0031156539916992188
1649444633.0840507,2.433824274422437,0.0031228065490722656
1649444633.0941157,2.4279490951261944,0.0031790733337402344
1649444633.1041803,2.43019916379284,0.003200531005859375
1649444633.114166,2.4234489577929015,0.003193378448486328
1649444633.1241715,2.43019916379284,0.0031986236572265625
1649444633.1341634,2.42169890438551,0.0031931400299072266
1649444633.1442308,2.435199316385388,0.0032584667205810547
1649444633.1542108,2.424448988311411,0.003216981887817383
1649444633.1641808,2.4265740531632436,0.0032067298889160156
1649444633.174174,2.426824060792871,0.0032041072845458984
1649444633.1841774,2.41832380138554,0.003201723098754883
1649444633.1936471,2.4239489730521564,0.0026721954345703125
1649444633.2047946,2.416448744163335,0.0038514137268066406
1649444633.2141895,2.4178237861262852,0.003193378448486328
1649444633.2240212,2.4285741142002624,0.0030574798583984375
1649444633.2340887,2.4194488357188635,0.003137826919555664
1649444633.2440698,2.4195738395336774,0.003122091293334961
1649444633.2543936,2.426699056978057,0.00312042236328125
1649444633.2640593,2.423198950163274,0.0031142234802246094
1649444633.2740488,2.4191988280892365,0.0031108856201171875
1649444633.2840443,2.429949156163213,0.0031130313873291016
1649444633.294071,2.418823816644795,0.003136157989501953
1649444633.3040452,2.4236989654225285,0.0031104087829589844
1649444633.3140397,2.427574083681753,0.003110170364379883
1649444633.3243616,2.422448927274392,0.003109455108642578
1649444633.3340347,2.424573992126225,0.003106832504272461
1649444633.3441029,2.4265740531632436,0.003170013427734375
1649444633.3540845,2.430699179052095,0.0031316280364990234
1649444633.364059,2.425949034089175,0.003122568130493164
1649444633.3740458,2.4320742210150454,0.003112316131591797
1649444633.3843658,2.428449110385449,0.0031099319458007812
1649444633.3941598,2.430449171422468,0.0032329559326171875
1649444633.4042635,2.4280740989410075,0.0032088756561279297
1649444633.4141898,2.4353243202002015,0.0032176971435546875
1649444633.4241848,2.4279490951261944,0.0032041072845458984
1649444633.4341774,2.432824243903928,0.0032110214233398438
1649444633.4441743,2.431074190496536,0.003201723098754883
1649444633.454174,2.43119919431135,0.0032079219818115234
1649444633.4641726,2.439824457533494,0.0031964778900146484
1649444633.4741704,2.429824152348399,0.0031995773315429688
1649444633.4841704,2.444324594866787,0.0031981468200683594
1649444633.494276,2.4279490951261944,0.0033049583435058594
1649444633.5042284,2.4411994994964448,0.0032346248626708984
1649444633.5141199,2.4295741447187718,0.0031418800354003906
1649444633.5240872,2.434324289681692,0.003139972686767578
1649444633.5340688,2.435074312570574,0.003124237060546875
1649444633.544108,2.443699575792718,0.003162860870361328
1649444633.5540829,2.435199316385388,0.0031282901763916016
1649444633.5640616,2.4380744041261027,0.0031228065490722656
1649444633.5740595,2.438949430829798,0.0031228065490722656
1649444633.5840645,2.433199255348369,0.003120899200439453
1649444633.5940478,2.43494930875576,0.0031135082244873047
1649444633.604177,2.4360743430890834,0.0032181739807128906
1649444633.6141756,2.4376993926816617,0.0031991004943847656
1649444633.624179,2.434574297311319,0.0032002925872802734
1649444633.6341736,2.4456996368297372,0.003199338912963867
1649444633.6441607,2.439449446089053,0.003192901611328125
1649444633.654168,2.438199407940916,0.003194093704223633
1649444633.664166,2.4508247932370986,0.0031960010528564453
1649444633.674161,2.4413245033112583,0.0031909942626953125
1649444633.683909,2.4466996673482466,0.0032417774200439453
1649444633.6942132,2.4524498428296764,0.003215312957763672
1649444633.7046454,2.4489497360148933,0.0036644935607910156
1649444633.7140985,2.4526998504593034,0.003136873245239258
1649444633.7241228,2.4496997589037752,0.003150463104248047
1649444633.7340693,2.4505747856074707,0.0031266212463378906
1649444633.7441142,2.450949797051912,0.003169536590576172
1649444633.7540894,2.4445746024964143,0.0031294822692871094
1649444633.7640636,2.455324930570391,0.0031244754791259766
1649444633.7742832,2.442574541459395,0.0032160282135009766
1649444633.7836902,2.4461996520889917,0.0026865005493164062
1649444633.7941847,2.4468246711630606,0.003172636032104492
1649444633.8040886,2.4448246101260414,0.0031375885009765625
1649444633.8140633,2.443699575792718,0.0031194686889648438
1649444633.8240573,2.4510748008667256,0.0031249523162841797
1649444633.8340924,2.452074831385235,0.0031538009643554688
1649444633.8441043,2.448324716940825,0.003147125244140625
1649444633.8540766,2.451699819940794,0.003129243850708008
1649444633.8640606,2.4455746330149237,0.0031194686889648438
1649444633.8740506,2.451824823755608,0.003118276596069336
1649444633.8840542,2.4463246559038057,0.003116130828857422
1649444633.894043,2.451949827570422,0.003111124038696289
1649444633.9044712,2.446949674977874,0.0032122135162353516
1649444633.914175,2.451449812311167,0.0032014846801757812
1649444633.9241602,2.4453246253852963,0.0031957626342773438
1649444633.9341722,2.451824823755608,0.003196239471435547
