pi_time,voltage,test_duration
1649440540.2025502,2.5139517197180092,0.0031888484954833984
1649440540.2120326,2.5140767235328227,0.0027246475219726562
1649440540.2219336,2.512326670125431,0.002705812454223633
1649440540.2319174,2.513201696829127,0.0027136802673339844
1649440540.2420444,2.513701712088382,0.002826690673828125
1649440540.2529485,2.5138267159031953,0.003723621368408203
1649440540.2622466,2.5125766777550584,0.002994060516357422
1649440540.2722273,2.513326700643941,0.003003358840942383
1649440540.2821977,2.508576555681021,0.0029659271240234375
1649440540.2920384,2.510701620532853,0.0027980804443359375
1649440540.3025885,2.5138267159031953,0.0033533573150634766
1649440540.312563,2.5078265327921385,0.0033385753631591797
1649440540.3227046,2.5090765709402754,0.003471851348876953
1649440540.3324385,2.507951536606952,0.002799510955810547
1649440540.3424962,2.5090765709402754,0.0028715133666992188
1649440540.3525295,2.5074515213476976,0.003318309783935547
1649440540.3625083,2.508326548051393,0.0033092498779296875
1649440540.3718717,2.504076418347728,0.0026595592498779297
1649440540.3818665,2.5030763878292186,0.0026667118072509766
1649440540.392506,2.5090765709402754,0.003294706344604492
1649440540.402572,2.5017013458662682,0.0033550262451171875
1649440540.413103,2.504076418347728,0.0038907527923583984
1649440540.4218855,2.5034513992736596,0.0026671886444091797
1649440540.4319015,2.4985762504959257,0.002690553665161133
1649440540.4419708,2.4967011932737204,0.0027549266815185547
1649440540.4519432,2.502076357310709,0.0027093887329101562
1649440540.46192,2.5058264717551193,0.0027132034301757812
1649440540.4718983,2.5058264717551193,0.0026955604553222656
1649440540.4819033,2.5050764488662374,0.002691030502319336
1649440540.4919305,2.504201422162542,0.0027267932891845703
1649440540.5019062,2.5032013916440325,0.0026998519897460938
1649440540.5119462,2.4989512619403667,0.0027098655700683594
1649440540.521932,2.4992012695699946,0.0027239322662353516
1649440540.5318997,2.4983262428662987,0.002695798873901367
1649440540.5419083,2.5025763725699637,0.0026979446411132812
1649440540.5519235,2.500451307718131,0.0027174949645996094
1649440540.561979,2.4974512161626023,0.0027573108673095703
1649440540.571935,2.496076174199652,0.002725839614868164
1649440540.5819068,2.498451246681112,0.002694845199584961
1649440540.5918884,2.4943261207922607,0.002685070037841797
1649440540.6019006,2.4977012237922303,0.002690553665161133
1649440540.6118994,2.4935760979033783,0.0026962757110595703
1649440540.6219053,2.4903259987182227,0.0026962757110595703
1649440540.6318944,2.4908260139774776,0.002691507339477539
1649440540.6418922,2.4912010254219186,0.0026903152465820312
1649440540.6519299,2.4932010864589373,0.002721548080444336
1649440540.6619067,2.492576067384869,0.002698183059692383
1649440540.6718874,2.4929510788293103,0.0026862621307373047
1649440540.6819062,2.4927010711996824,0.0026977062225341797
1649440540.691929,2.4930760826441234,0.002727031707763672
1649440540.7019026,2.4900759910885952,0.0026955604553222656
1649440540.7119396,2.4919510483108005,0.0027365684509277344
1649440540.721916,2.491826044495987,0.0027070045471191406
1649440540.7318935,2.491451033051546,0.0026907920837402344
1649440540.7419784,2.492076052125614,0.0027627944946289062
1649440540.7519076,2.491451033051546,0.002703428268432617
1649440540.7619233,2.490951017792291,0.0027184486389160156
1649440540.7720613,2.4929510788293103,0.0028138160705566406
1649440540.7821524,2.4919510483108005,0.0029447078704833984
1649440540.7919447,2.495951170384838,0.0027091503143310547
1649440540.8018985,2.492201055940428,0.00269317626953125
1649440540.8122358,2.4950761436811426,0.002955913543701172
1649440540.8223517,2.4903259987182227,0.003068685531616211
1649440540.8325245,2.4897009796441543,0.003201723098754883
1649440540.8464038,2.48820093386639,0.0071332454681396484
1649440540.8525205,2.4924510635700554,0.0029697418212890625
1649440540.8625708,2.489075960570086,0.002873659133911133
1649440540.8726165,2.4940761131626332,0.0030121803283691406
1649440540.8822412,2.4939511093478197,0.002948760986328125
1649440540.892458,2.492576067384869,0.0028057098388671875
1649440540.9024131,2.492076052125614,0.0027992725372314453
1649440540.912508,2.4912010254219186,0.0028467178344726562
1649440540.9223268,2.489075960570086,0.0027701854705810547
1649440540.93248,2.4912010254219186,0.0028312206268310547
1649440540.9424205,2.48820093386639,0.002790212631225586
1649440540.9524925,2.4892009643848994,0.0028753280639648438
1649440540.9622862,2.491451033051546,0.0026781558990478516
1649440540.972964,2.4904510025330366,0.003462076187133789
1649440540.9828641,2.4908260139774776,0.0033190250396728516
1649440540.9922187,2.4868258919034396,0.0026776790618896484
1649440541.0028324,2.4884509414960174,0.0033159255981445312
1649440541.0125854,2.4884509414960174,0.003055095672607422
1649440541.0225053,2.4888259529404584,0.0031392574310302734
1649440541.0324485,2.4887009491256444,0.003008604049682617
1649440541.042366,2.4823257545701467,0.002996683120727539
1649440541.0521438,2.4919510483108005,0.0027785301208496094
1649440541.0623946,2.4885759453108314,0.003001689910888672
1649440541.0723686,2.4888259529404584,0.0030014514923095703
1649440541.0826666,2.4879509262367625,0.0032644271850585938
1649440541.0927956,2.4900759910885952,0.003310680389404297
1649440541.1028001,2.4897009796441543,0.003280162811279297
1649440541.11278,2.4809507126071964,0.003305673599243164
1649440541.1224604,2.4859508651997437,0.0030257701873779297
1649440541.132373,2.4872009033478806,0.0030019283294677734
1649440541.1423666,2.4868258919034396,0.0029931068420410156
1649440541.152407,2.483575792718284,0.0030198097229003906
1649440541.1624377,2.483575792718284,0.003003358840942383
1649440541.172357,2.4847008270516064,0.002996683120727539
1649440541.1823626,2.485450849940489,0.0029973983764648438
1649440541.192357,2.485075838496048,0.0029954910278320312
1649440541.2023616,2.486575884273812,0.0030066967010498047
1649440541.2123528,2.48582586138493,0.0029952526092529297
1649440541.2223432,2.4849508346812343,0.0029888153076171875
1649440541.2323544,2.486950895718253,0.002997159957885742
1649440541.2424767,2.487700918607135,0.003033876419067383
1649440541.2523658,2.479450666829432,0.003003358840942383
1649440541.2623777,2.483825800347911,0.003004312515258789
1649440541.2723536,2.48107571642201,0.0029959678649902344
1649440541.2823582,2.4862008728293707,0.0029959678649902344
1649440541.2923572,2.482575762199774,0.0029973983764648438
1649440541.302362,2.481825739310892,0.0029954910278320312
1649440541.3124409,2.48107571642201,0.0030422210693359375
1649440541.3224096,2.4857008575701163,0.003023862838745117
1649440541.3323607,2.478950651570177,0.0030040740966796875
1649440541.3424025,2.479200659199805,0.003010988235473633
1649440541.3523648,2.4797006744590595,0.0030028820037841797
1649440541.36204,2.482700766014588,0.002679109573364258
1649440541.372403,2.4839508041627245,0.0029935836791992188
1649440541.3823519,2.4828257698294016,0.0029909610748291016
1649440541.3923695,2.4803256935331275,0.003002166748046875
1649440541.4023528,2.483075777459029,0.0029942989349365234
1649440541.412353,2.481825739310892,0.002994537353515625
1649440541.422368,2.4769505905331584,0.002998828887939453
1649440541.4323554,2.475950560014649,0.0029981136322021484
1649440541.4423559,2.4778256172368542,0.0029876232147216797
1649440541.4523993,2.4744505142368847,0.003010272979736328
1649440541.462351,2.472825464644307,0.002988576889038086
1649440541.472349,2.4765755790887174,0.002992391586303711
1649440541.482359,2.472325449385052,0.0029935836791992188
1649440541.4923637,2.4709504074221016,0.003000020980834961
1649440541.5023596,2.470325388348033,0.0029969215393066406
1649440541.5123692,2.4800756859035005,0.003004312515258789
1649440541.5223484,2.477075594347972,0.0029892921447753906
1649440541.5323632,2.475950560014649,0.002998828887939453
1649440541.542353,2.473075472273934,0.0029878616333007812
1649440541.55242,2.472950468459121,0.0029935836791992188
1649440541.5623484,2.471200415051729,0.0029871463775634766
1649440541.572357,2.4698253730887783,0.002996683120727539
1649440541.5823677,2.469575365459151,0.003002166748046875
1649440541.592174,2.4784506363109227,0.0030050277709960938
1649440541.6023467,2.465325235755486,0.0029854774475097656
1649440541.612353,2.4679503158665734,0.0029914379119873047
1649440541.6223493,2.4675753044221325,0.002990245819091797
1649440541.632351,2.4658252510147403,0.002988576889038086
1649440541.6424117,2.4655752433851132,0.003019571304321289
1649440541.652664,2.4677003082369455,0.003224611282348633
1649440541.662056,2.469575365459151,0.0028057098388671875
1649440541.6719906,2.465200231940672,0.0027675628662109375
1649440541.6819944,2.469075350199896,0.002773761749267578
1649440541.6920743,2.4630751670888396,0.0028502941131591797
1649440541.7024298,2.4717004303109835,0.003194093704223633
1649440541.712432,2.460450086977752,0.003195047378540039
1649440541.7224436,2.474825525681326,0.0032112598419189453
1649440541.7324555,2.468325327311014,0.003214120864868164
1649440541.7423217,2.4700753807184057,0.002992391586303711
1649440541.7520316,2.4633251747184666,0.0028133392333984375
1649440541.761939,2.466075258644368,0.0027256011962890625
1649440541.7719142,2.4662002624591812,0.0027065277099609375
1649440541.7819033,2.46682528153325,0.002704620361328125
1649440541.791901,2.4634501785332805,0.0026962757110595703
1649440541.8018901,2.4720754417554245,0.0026907920837402344
1649440541.8118837,2.4589500411999876,0.0026869773864746094
1649440541.8219018,2.4615751213110753,0.0026984214782714844
1649440541.8318942,2.467200292977691,0.002691030502319336
1649440541.8418818,2.4622001403851437,0.0026819705963134766
1649440541.8519745,2.4585750297555466,0.0027713775634765625
1649440541.8619816,2.465950254829554,0.0027627944946289062
1649440541.8719978,2.462450148014771,0.002780437469482422
1649440541.8819602,2.461700125125889,0.002748727798461914
1649440541.8919845,2.460075075533311,0.0027675628662109375
1649440541.9019766,2.4590750450148016,0.0027654170989990234
1649440541.9126885,2.4548249153111366,0.003439188003540039
1649440541.9219794,2.466325266273995,0.002765655517578125
1649440541.9319847,2.454449903866695,0.00276947021484375
1649440541.9419832,2.464825220496231,0.002760648727416992
1649440541.9519873,2.462450148014771,0.0027692317962646484
1649440541.961973,2.4566999725333414,0.0027604103088378906
1649440541.9719813,2.454449903866695,0.0027649402618408203
1649440541.9819736,2.460950102237007,0.0027589797973632812
1649440541.9919612,2.450949797051912,0.0027494430541992188
1649440542.0020058,2.4506997894222846,0.0027916431427001953
1649440542.0119922,2.4529498580889313,0.0027768611907958984
1649440542.0219693,2.4506997894222846,0.0027587413787841797
1649440542.0319815,2.4515748161259805,0.002766847610473633
1649440542.0419638,2.4503247779778436,0.002750873565673828
1649440542.0519795,2.471075411236915,0.002765655517578125
1649440542.0619779,2.451699819940794,0.0027649402618408203
1649440542.0719721,2.4539498886074402,0.0027551651000976562
1649440542.0819755,2.4550749229407636,0.002764463424682617
1649440542.0919697,2.469950376903592,0.002753734588623047
1649440542.1019866,2.4627001556443986,0.002777099609375
1649440542.111991,2.4618251289407023,0.0027718544006347656
1649440542.1219776,2.460450086977752,0.0027627944946289062
1649440542.1319892,2.46207513657033,0.0027740001678466797
1649440542.1419973,2.4627001556443986,0.0027740001678466797
1649440542.1519775,2.4629501632740256,0.002760171890258789
1649440542.1619751,2.4622001403851437,0.0027549266815185547
1649440542.171983,2.464325205236976,0.0027666091918945312
1649440542.181983,2.4526998504593034,0.0027701854705810547
1649440542.1919842,2.464825220496231,0.002767801284790039
1649440542.201968,2.4538248847926267,0.0027556419372558594
1649440542.2119646,2.465200231940672,0.002752065658569336
1649440542.2219713,2.4463246559038057,0.0027594566345214844
1649440542.2319875,2.4506997894222846,0.002770662307739258
1649440542.2419782,2.461325113681448,0.002767801284790039
1649440542.2519884,2.4629501632740256,0.0027704238891601562
1649440542.2619827,2.4592000488296155,0.002768278121948242
1649440542.271989,2.4548249153111366,0.0027709007263183594
1649440542.2819667,2.4524498428296764,0.002753019332885742
1649440542.2919803,2.460450086977752,0.0027632713317871094
1649440542.3019917,2.4610751060518203,0.0027816295623779297
1649440542.3120017,2.445074617755669,0.00278472900390625
1649440542.321977,2.4495747550889613,0.0027642250061035156
1649440542.3319886,2.4541998962370677,0.0027709007263183594
1649440542.3419943,2.448574724570452,0.0027709007263183594
1649440542.352049,2.460075075533311,0.002811908721923828
1649440542.362234,2.452074831385235,0.002975940704345703
1649440542.372464,2.4526998504593034,0.003229856491088867
1649440542.3824527,2.4610751060518203,0.0032181739807128906
1649440542.3924305,2.4490747398297064,0.003203868865966797
1649440542.402448,2.4546999114963226,0.0032215118408203125
1649440542.4124503,2.456199957274087,0.0032129287719726562
1649440542.4224596,2.4595750602740565,0.0032341480255126953
1649440542.4324524,2.4578250068666647,0.0032258033752441406
1649440542.4424272,2.4528248542741173,0.003200054168701172
1649440542.452649,2.456449964903714,0.0033936500549316406
1649440542.4620519,2.4570749839777823,0.002842426300048828
1649440542.4720237,2.4424495376445816,0.0028200149536132812
1649440542.4820359,2.447074678792688,0.0028274059295654297
1649440542.4920304,2.4566999725333414,0.0028259754180908203
1649440542.502075,2.4535748771629993,0.002869129180908203
1649440542.5120094,2.4529498580889313,0.0027856826782226562
1649440542.5219557,2.451949827570422,0.0027315616607666016
1649440542.5319257,2.4495747550889613,0.0027251243591308594
1649440542.5419085,2.4493247474593343,0.0026941299438476562
1649440542.552503,2.451449812311167,0.0033025741577148438
1649440542.5621555,2.4533248695333723,0.002798795700073242
1649440542.571987,2.4535748771629993,0.0027844905853271484
1649440542.581945,2.4499497665334027,0.0027234554290771484
1649440542.5919964,2.4538248847926267,0.0027914047241210938
1649440542.6021552,2.4445746024964143,0.0029053688049316406
1649440542.6122177,2.447074678792688,0.0029387474060058594
1649440542.6221964,2.444324594866787,0.0029332637786865234
1649440542.6321979,2.4471996826075015,0.002935171127319336
1649440542.642212,2.448199713126011,0.0029420852661132812
1649440542.6529503,2.4515748161259805,0.0036737918853759766
1649440542.662554,2.451449812311167,0.0033566951751708984
1649440542.6722052,2.4505747856074707,0.0030171871185302734
1649440542.6822028,2.4524498428296764,0.0030193328857421875
1649440542.6925037,2.439949461348308,0.0033168792724609375
1649440542.7022192,2.4461996520889917,0.003031015396118164
1649440542.7122002,2.4459496444593647,0.0030145645141601562
1649440542.722199,2.4419495223853267,0.0030150413513183594
1649440542.7323794,2.451949827570422,0.003139972686767578
1649440542.7422245,2.4484497207556384,0.0030319690704345703
1649440542.7523868,2.4505747856074707,0.0032012462615966797
1649440542.7624202,2.4380744041261027,0.003232240676879883
1649440542.7718947,2.4449496139408553,0.0026922225952148438
1649440542.7823887,2.4495747550889613,0.003220081329345703
1649440542.7923825,2.4489497360148933,0.003217458724975586
1649440542.8023741,2.4464496597186196,0.003202199935913086
1649440542.8123837,2.443824579607532,0.003210306167602539
1649440542.822369,2.4415745109408857,0.003197193145751953
1649440542.8323534,2.4428245490890226,0.003186464309692383
1649440542.8423796,2.4408244880520034,0.003209829330444336
1649440542.8523598,2.446574663533433,0.003192424774169922
1649440542.86237,2.4454496292001098,0.0031998157501220703
1649440542.872374,2.4431995605334635,0.0032067298889160156
1649440542.8823855,2.4451996215704823,0.003216981887817383
1649440542.8923624,2.4423245338297677,0.0031957626342773438
1649440542.9023619,2.4451996215704823,0.003191709518432617
1649440542.9127395,2.4449496139408553,0.003574371337890625
1649440542.9224079,2.437449385052034,0.003222227096557617
1649440542.9323683,2.438699423200171,0.0032012462615966797
1649440542.942395,2.4484497207556384,0.0032231807708740234
1649440542.952373,2.447699697866756,0.0031998157501220703
1649440542.9623773,2.446949674977874,0.0032052993774414062
1649440542.9724026,2.4431995605334635,0.0032377243041992188
1649440542.9823716,2.4466996673482466,0.0032002925872802734
1649440542.992652,2.443699575792718,0.0034542083740234375
1649440543.0023725,2.4379494003112887,0.0031871795654296875
1649440543.0123668,2.436824365977966,0.003202676773071289
1649440543.0223627,2.446949674977874,0.0031948089599609375
1649440543.0323684,2.432449232459487,0.0032029151916503906
1649440543.0423768,2.4416995147556997,0.0032095909118652344
1649440543.0523555,2.4353243202002015,0.0031888484954833984
1649440543.0624688,2.4401994689779354,0.003300905227661133
1649440543.0724652,2.442949552903836,0.0032553672790527344
1649440543.0828204,2.442949552903836,0.003217935562133789
1649440543.092611,2.439949461348308,0.0032281875610351562
1649440543.1025581,2.4418245185705127,0.0031807422637939453
1649440543.1126134,2.441074495681631,0.0032334327697753906
1649440543.1225693,2.4418245185705127,0.0031881332397460938
1649440543.1326041,2.4404494766075624,0.0032281875610351562
1649440543.1425886,2.4365743583483384,0.003197193145751953
1649440543.1526,2.439449446089053,0.003222942352294922
1649440543.1625996,2.4454496292001098,0.0031332969665527344
1649440543.1727188,2.447699697866756,0.0031325817108154297
1649440543.1823895,2.4269490646076846,0.0028252601623535156
1649440543.1928458,2.4369493697927793,0.0034024715423583984
1649440543.202643,2.4320742210150454,0.003156423568725586
1649440543.2130945,2.4456996368297372,0.0035104751586914062
1649440543.2229688,2.43494930875576,0.0034601688385009766
1649440543.2321713,2.4353243202002015,0.0029997825622558594
1649440543.2421656,2.4383244117557297,0.003000020980834961
1649440543.2521603,2.4486997283852654,0.0029952526092529297
1649440543.2621546,2.4276990874965665,0.002990245819091797
1649440543.2721527,2.4336992706076237,0.0029866695404052734
1649440543.2821717,2.432449232459487,0.0030066967010498047
1649440543.2921524,2.4369493697927793,0.0029854774475097656
1649440543.3021524,2.439949461348308,0.0029883384704589844
1649440543.3121588,2.437449385052034,0.002991914749145508
1649440543.3221576,2.4250740073854797,0.002993345260620117
1649440543.3321874,2.4340742820520647,0.0030052661895751953
1649440543.3421686,2.433199255348369,0.0029973983764648438
1649440543.3521507,2.438574419385357,0.002984285354614258
1649440543.3624647,2.4278240913113804,0.003239870071411133
1649440543.3719819,2.434199285866878,0.002763986587524414
1649440543.3819852,2.432449232459487,0.0027627944946289062
1649440543.3919678,2.439199438459426,0.0027484893798828125
1649440543.4019945,2.439449446089053,0.002771615982055664
1649440543.4119823,2.4254490188299203,0.0027637481689453125
1649440543.4219902,2.433199255348369,0.0027697086334228516
1649440543.4319744,2.4360743430890834,0.002756834030151367
1649440543.4420135,2.4373243812372207,0.0027909278869628906
1649440543.4520059,2.424949003570666,0.002765178680419922
1649440543.462153,2.434699301126133,0.0028181076049804688
1649440543.4718902,2.4230739463484605,0.0026814937591552734
1649440543.4819021,2.4376993926816617,0.0026924610137939453
1649440543.491878,2.427199072237312,0.002675294876098633
1649440543.5018914,2.4339492782372507,0.0026826858520507812
1649440543.5118694,2.4278240913113804,0.0026679039001464844
1649440543.5218956,2.4360743430890834,0.0026857852935791016
1649440543.5318801,2.441449507126072,0.00267791748046875
1649440543.54192,2.428449110385449,0.002699613571166992
1649440543.551881,2.433199255348369,0.0026781558990478516
1649440543.5621278,2.438199407940916,0.0028176307678222656
1649440543.5719688,2.443449568163091,0.0027484893798828125
1649440543.5819705,2.426324045533616,0.0027506351470947266
1649440543.5919821,2.430324167607654,0.0027649402618408203
1649440543.6019828,2.4313241981261635,0.002763032913208008
1649440543.6126497,2.4379494003112887,0.003434896469116211
1649440543.6219993,2.4233239539780875,0.0027780532836914062
1649440543.6319807,2.439199438459426,0.002763032913208008
1649440543.6419897,2.4270740684224985,0.002768278121948242
1649440543.6519787,2.4318242133854184,0.0027599334716796875
1649440543.6621466,2.438199407940916,0.002815723419189453
1649440543.6718786,2.426074037903989,0.002675294876098633
1649440543.6819272,2.4333242591631827,0.002722024917602539
1649440543.691891,2.4213238929410688,0.0026865005493164062
1649440543.7018833,2.427574083681753,0.002674579620361328
1649440543.7118835,2.420198858607746,0.0026819705963134766
1649440543.721895,2.4254490188299203,0.002686023712158203
1649440543.731872,2.4253240150151067,0.0026695728302001953
1649440543.7419105,2.426074037903989,0.0026988983154296875
1649440543.7518787,2.413698660237434,0.002673625946044922
1649440543.7619917,2.4318242133854184,0.002782583236694336
1649440543.771971,2.429824152348399,0.002756357192993164
1649440543.7819824,2.4270740684224985,0.0027594566345214844
1649440543.7920318,2.4171987670522173,0.002789020538330078
1649440543.8020763,2.415823725089267,0.002831697463989258
1649440543.8120503,2.4295741447187718,0.002832174301147461
1649440543.8219872,2.4214488967558823,0.0027642250061035156
1649440543.8320649,2.425949034089175,0.002844095230102539
1649440543.8419847,2.425949034089175,0.0027625560760498047
1649440543.8520522,2.424573992126225,0.0028362274169921875
1649440543.8619602,2.4210738853114417,0.0027360916137695312
1649440543.8721256,2.4256990264595477,0.002919435501098633
1649440543.8819616,2.4281991027558214,0.0027480125427246094
1649440543.8918998,2.429199133274331,0.002694368362426758
1649440543.9018922,2.4361993469038974,0.002687215805053711
1649440543.9119024,2.438199407940916,0.0027010440826416016
1649440543.9218972,2.426199041718802,0.0026879310607910156
1649440543.9318953,2.424949003570666,0.002691507339477539
1649440543.9418886,2.429199133274331,0.002681255340576172
1649440543.9519863,2.4379494003112887,0.0027332305908203125
1649440543.9618945,2.4265740531632436,0.0026874542236328125
1649440543.9719005,2.4313241981261635,0.0026929378509521484
1649440543.981881,2.432449232459487,0.0026731491088867188
1649440543.9918752,2.4335742667928097,0.002674102783203125
1649440544.0018802,2.4366993621631523,0.0026726722717285156
1649440544.011861,2.4366993621631523,0.002661466598510742
1649440544.021896,2.4336992706076237,0.00269317626953125
1649440544.0318716,2.4316992095706045,0.0026721954345703125
1649440544.041889,2.4339492782372507,0.002682924270629883
1649440544.0519285,2.4376993926816617,0.0026917457580566406
1649440544.0619318,2.438199407940916,0.0027251243591308594
1649440544.0719707,2.429824152348399,0.002755880355834961
1649440544.0819888,2.436824365977966,0.0027637481689453125
1649440544.0919757,2.4300741599780267,0.002758502960205078
1649440544.101977,2.4366993621631523,0.002755403518676758
1649440544.1119604,2.4369493697927793,0.002744436264038086
1649440544.1219707,2.4373243812372207,0.0027506351470947266
1649440544.1319647,2.434324289681692,0.002749204635620117
1649440544.1419933,2.4276990874965665,0.0027718544006347656
1649440544.151974,2.43019916379284,0.002758026123046875
1649440544.1619804,2.4191988280892365,0.002756834030151367
1649440544.1719723,2.420073854792932,0.0027573108673095703
1649440544.1819701,2.4323242286446733,0.002748727798461914
1649440544.19198,2.430824182866909,0.0027663707733154297
1649440544.2019835,2.433074251533555,0.002761363983154297
1649440544.2119734,2.429949156163213,0.002758026123046875
1649440544.222015,2.421948912015137,0.002797365188598633
1649440544.232288,2.4256990264595477,0.002994060516357422
1649440544.2432613,2.422198919644764,0.003973722457885742
1649440544.2528834,2.422698934904019,0.0036101341247558594
1649440544.262406,2.4236989654225285,0.003131389617919922
1649440544.2723315,2.4170737632374037,0.0028159618377685547
1649440544.2818654,2.4186988128299816,0.0026624202728271484
1649440544.291862,2.4323242286446733,0.0026488304138183594
1649440544.3018582,2.422448927274392,0.002655506134033203
1649440544.3118694,2.4186988128299816,0.002657651901245117
1649440544.3218472,2.41832380138554,0.002645254135131836
1649440544.3318624,2.430449171422468,0.002648591995239258
1649440544.3420832,2.410948576311533,0.0028846263885498047
1649440544.3518534,2.430324167607654,0.0026400089263916016
1649440544.3618908,2.4269490646076846,0.0026628971099853516
1649440544.3719592,2.424573992126225,0.0027153491973876953
1649440544.3818758,2.414073671681875,0.0026726722717285156
1649440544.3918738,2.418073793755913,0.002675294876098633
1649440544.4020598,2.413698660237434,0.0028645992279052734
1649440544.4119606,2.4186988128299816,0.0027251243591308594
1649440544.4218967,2.418823816644795,0.0026912689208984375
1649440544.4318924,2.4193238319040495,0.002685070037841797
1649440544.441872,2.417948789941099,0.002669095993041992
1649440544.4519293,2.422073915829951,0.0026998519897460938
1649440544.4619067,2.405698416089358,0.0027112960815429688
1649440544.4719803,2.424448988311411,0.0027549266815185547
1649440544.481958,2.4181987975707266,0.002739429473876953
1649440544.491981,2.415323709830012,0.0027647018432617188
1649440544.5019693,2.4150737022003845,0.0027532577514648438
1649440544.5120199,2.4178237861262852,0.002771615982055664
1649440544.522041,2.4106985686819056,0.002798318862915039
1649440544.5319831,2.410073549607837,0.002760648727416992
1649440544.5419993,2.4111985839411605,0.0027756690979003906
1649440544.5519829,2.4119486068300424,0.0027663707733154297
1649440544.561979,2.415323709830012,0.002755880355834961
1649440544.5719755,2.4104485610522786,0.0027565956115722656
1649440544.5819743,2.4106985686819056,0.002749204635620117
1649440544.5919678,2.4111985839411605,0.0027506351470947266
1649440544.60198,2.4101985534226507,0.0027573108673095703
1649440544.611966,2.4098235419782097,0.002751588821411133
1649440544.621993,2.4060734275337996,0.0027713775634765625
1649440544.6319675,2.4065734427930536,0.0027527809143066406
1649440544.6419723,2.409698538163396,0.0027501583099365234
1649440544.651965,2.4018232978301337,0.002748727798461914
1649440544.661998,2.4134486526078067,0.002777099609375
1649440544.6719635,2.4045733817560353,0.002747058868408203
1649440544.6819754,2.4061984313486127,0.002752065658569336
1649440544.691964,2.413698660237434,0.0027468204498291016
1649440544.7019775,2.412698629718925,0.0027577877044677734
1649440544.7119644,2.398948210089419,0.0027451515197753906
1649440544.7219765,2.4004482558671834,0.002755403518676758
1649440544.7319677,2.4211988891262552,0.0027489662170410156
1649440544.7420027,2.4141986754966887,0.0027778148651123047
1649440544.7519665,2.4004482558671834,0.0027475357055664062
1649440544.7619882,2.398198187200537,0.0027685165405273438
1649440544.7720668,2.4048233893856623,0.0027916431427001953
1649440544.7819953,2.4106985686819056,0.002769947052001953
1649440544.7919703,2.3983231910153506,0.002752065658569336
1649440544.8019712,2.407698477126377,0.0027506351470947266
1649440544.8119757,2.4048233893856623,0.0027589797973632812
1649440544.8219917,2.399573229163488,0.0027704238891601562
1649440544.8319728,2.4024483169042026,0.0027570724487304688
1649440544.841977,2.3930730307931762,0.0027556419372558594
1649440544.8519683,2.3935730460524307,0.002752065658569336
1649440544.862108,2.3935730460524307,0.0028884410858154297
1649440544.8719249,2.402573320719016,0.002718687057495117
1649440544.881918,2.3983231910153506,0.0027091503143310547
1649440544.892726,2.3975731681264687,0.0035202503204345703
1649440544.9019036,2.399448225348674,0.002694845199584961
1649440544.9118865,2.40032325205237,0.0026836395263671875
1649440544.921896,2.3933230384228037,0.0026879310607910156
1649440544.9318871,2.391947996459853,0.0026836395263671875
1649440544.9419162,2.3935730460524307,0.0027081966400146484
1649440544.951896,2.395073091830195,0.0026869773864746094
1649440544.9618886,2.3920730002746664,0.0026819705963134766
1649440544.9718833,2.4019483016449477,0.0026788711547851562
1649440544.9819005,2.3931980346079897,0.002692699432373047
1649440544.9918914,2.395948118533891,0.0026869773864746094
1649440545.0018978,2.3953230994598225,0.0026895999908447266
1649440545.0118833,2.3891979125339518,0.0026819705963134766
1649440545.0218902,2.4000732444227424,0.002681255340576172
1649440545.0318832,2.3983231910153506,0.0026814937591552734
1649440545.0418892,2.3930730307931762,0.002683401107788086
1649440545.05188,2.392823023163549,0.002679109573364258
1649440545.0618901,2.3873228553117465,0.002684354782104492
1649440545.071986,2.386822840052492,0.0027637481689453125
1649440545.0819893,2.3856978057191687,0.002765655517578125
1649440545.0919864,2.389947935422834,0.0027608871459960938
1649440545.1019878,2.3889479049043247,0.002762317657470703
1649440545.1119812,2.3873228553117465,0.0027627944946289062
1649440545.1219783,2.3939480574968717,0.0027561187744140625
1649440545.1319718,2.3790726035340435,0.0027561187744140625
1649440545.141994,2.382322702719199,0.002772808074951172
1649440545.1519728,2.376197515793329,0.0027539730072021484
1649440545.1621675,2.375697500534074,0.0029401779174804688
1649440545.1720014,2.3874478591265604,0.0027997493743896484
1649440545.1820142,2.373322428052614,0.002807140350341797
1649440545.191972,2.3758225043488874,0.0027468204498291016
1649440545.2019355,2.3731974242378002,0.002722024917602539
1649440545.2122898,2.3743224585711236,0.0027399063110351562
1649440545.222314,2.376822534867397,0.002750873565673828
1649440545.2322838,2.3769475386822108,0.002732992172241211
1649440545.2421625,2.387197851496933,0.0029134750366210938
1649440545.2520044,2.3821976989043856,0.002749919891357422
1649440545.261935,2.3835727408673364,0.002719879150390625
1649440545.2718594,2.381572679830317,0.0026526451110839844
1649440545.2819474,2.376197515793329,0.002745389938354492
1649440545.2918677,2.3773225501266517,0.002658367156982422
1649440545.301855,2.378322580645161,0.002656221389770508
1649440545.3118532,2.377572557756279,0.0026476383209228516
1649440545.322222,2.3853227942747277,0.0030231475830078125
1649440545.3328533,2.3850727866451007,0.003647327423095703
1649440545.3430336,2.38269771416364,0.0038356781005859375
1649440545.352844,2.3810726645710627,0.00363922119140625
1649440545.3622527,2.380447645496994,0.003053903579711914
1649440545.3723063,2.3758225043488874,0.003084897994995117
1649440545.3823545,2.376822534867397,0.0031447410583496094
1649440545.3923266,2.386572832422864,0.003113985061645508
1649440545.4029267,2.373947447126682,0.0037169456481933594
1649440545.4129484,2.372447401348918,0.0037310123443603516
1649440545.4229794,2.3726974089785458,0.0037708282470703125
1649440545.4329457,2.372322397534105,0.003731250762939453
1649440545.4423208,2.3860728171636096,0.0031082630157470703
1649440545.4530063,2.36944730979339,0.003762483596801758
1649440545.4629571,2.369697317423017,0.00374603271484375
1649440545.472944,2.3814476760155037,0.0037260055541992188
1649440545.4829404,2.3688222907193213,0.0037276744842529297
1649440545.493446,2.371322367015595,0.0042302608489990234
1649440545.5029984,2.381572679830317,0.0037474632263183594
1649440545.512918,2.380197637867367,0.003704071044921875
1649440545.5229254,2.3795726187932984,0.003712892532348633
1649440545.5329177,2.372197393719291,0.003698110580444336
1649440545.5425138,2.386572832422864,0.0033054351806640625
1649440545.552295,2.3839477523117774,0.0030791759490966797
1649440545.562331,2.3839477523117774,0.003122091293334961
1649440545.5723293,2.3813226722006897,0.0031113624572753906
1649440545.5829294,2.3778225653859066,0.003718137741088867
1649440545.59293,2.3856978057191687,0.0037131309509277344
1649440545.6029336,2.376822534867397,0.0037238597869873047
1649440545.612937,2.3838227484969634,0.0037207603454589844
1649440545.6229312,2.383197729422895,0.0037202835083007812
1649440545.6329415,2.3799476302377394,0.0037240982055664062
1649440545.642937,2.3774475539414657,0.0037267208099365234
1649440545.652938,2.3793226111636705,0.0037224292755126953
1649440545.6629567,2.3790726035340435,0.0037450790405273438
1649440545.6729355,2.3821976989043856,0.003719806671142578
1649440545.6829276,2.3789475997192295,0.0037164688110351562
1649440545.6929214,2.3811976683858758,0.0037031173706054688
1649440545.7023015,2.380447645496994,0.003094911575317383
1649440545.7129285,2.3810726645710627,0.003710031509399414
1649440545.7229195,2.372072389904477,0.003707408905029297
1649440545.7323384,2.3726974089785458,0.0030968189239501953
1649440545.7432504,2.372447401348918,0.0040018558502197266
1649440545.7523205,2.369697317423017,0.0031087398529052734
1649440545.76299,2.3731974242378002,0.0037338733673095703
1649440545.7722583,2.372322397534105,0.0030562877655029297
1649440545.7828686,2.3726974089785458,0.003664255142211914
1649440545.7928567,2.365447187719352,0.0036585330963134766
1649440545.8028681,2.3795726187932984,0.003662109375
1649440545.812856,2.379697622608112,0.003658294677734375
1649440545.8228788,2.3798226264229254,0.003679990768432617
1649440545.8328567,2.377572557756279,0.0036563873291015625
1649440545.8428574,2.377697561571093,0.0036535263061523438
1649440545.852854,2.377697561571093,0.003656148910522461
1649440545.8628533,2.3714473708304085,0.0036499500274658203
1649440545.8729348,2.37182238227485,0.0037238597869873047
1649440545.8829362,2.369697317423017,0.003719329833984375
1649440545.892917,2.370447340311899,0.003708362579345703
1649440545.902942,2.368947294534135,0.0037217140197753906
1649440545.912917,2.376072511978515,0.0037064552307128906
1649440545.9223063,2.374072450941496,0.003094911575317383
1649440545.9323041,2.370197332682272,0.0030934810638427734
1649440545.942559,2.377197546311838,0.0033409595489501953
1649440545.9523108,2.3793226111636705,0.003101348876953125
1649440545.9623091,2.368072267830439,0.0030961036682128906
1649440545.972146,2.37657252723777,0.0028984546661376953
1649440545.9823804,2.37182238227485,0.0031280517578125
1649440545.9929497,2.3753224890896325,0.003734111785888672
1649440546.0029266,2.3770725424970247,0.0037147998809814453
1649440546.0131807,2.373697439497055,0.0039098262786865234
1649440546.0226645,2.376072511978515,0.003364086151123047
1649440546.0325475,2.377697561571093,0.003239154815673828
1649440546.042763,2.3763225196081423,0.0034890174865722656
1649440546.0526707,2.37419745475631,0.0034105777740478516
1649440546.0625648,2.3664472182378615,0.003293275833129883
1649440546.0725396,2.3705723441267126,0.003251791000366211
1649440546.0826256,2.3769475386822108,0.003339052200317383
1649440546.0924568,2.3664472182378615,0.003217935562133789
1649440546.1024892,2.37182238227485,0.0032129287719726562
1649440546.1127,2.3734474318674277,0.0033996105194091797
1649440546.1227188,2.369822321237831,0.0034401416778564453
1649440546.132484,2.3688222907193213,0.0032258033752441406
1649440546.142758,2.3671972411267435,0.0034766197204589844
1649440546.1526194,2.3670722373119295,0.0033173561096191406
1649440546.1626313,2.3625720999786375,0.0033407211303710938
1649440546.17333,2.367947264015626,0.004065275192260742
1649440546.1823537,2.376447523422956,0.003131389617919922
1649440546.1930137,2.3746974700155645,0.0037419795989990234
1649440546.2032607,2.376072511978515,0.003983497619628906
1649440546.2126124,2.3755724967192604,0.003399372100830078
1649440546.222778,2.3715723746452224,0.0035505294799804688
1649440546.2328212,2.372447401348918,0.0036077499389648438
1649440546.2427347,2.369697317423017,0.0035245418548583984
1649440546.2527535,2.3703223364970856,0.003548860549926758
1649440546.2627413,2.37182238227485,0.0035386085510253906
1649440546.272764,2.3719473860896634,0.0035552978515625
1649440546.2826717,2.372322397534105,0.0034682750701904297
1649440546.292805,2.3666972258674885,0.003587484359741211
1649440546.3027632,2.3640721457564013,0.00354766845703125
1649440546.3128052,2.3706973479415265,0.00359344482421875
1649440546.3226519,2.3711973632007814,0.003422975540161133
1649440546.3329372,2.367697256385998,0.0037250518798828125
1649440546.3431675,2.360197027497177,0.003951311111450195
1649440546.351872,2.368322275460067,0.0026619434356689453
1649440546.3623862,2.368072267830439,0.003192901611328125
1649440546.372426,2.376197515793329,0.0032203197479248047
1649440546.382704,2.3745724662007506,0.0034956932067871094
1649440546.3926933,2.3745724662007506,0.0034830570220947266
1649440546.402705,2.3710723593859675,0.003498077392578125
1649440546.4127007,2.3714473708304085,0.0035066604614257812
1649440546.422774,2.3745724662007506,0.00350189208984375
1649440546.432667,2.3731974242378002,0.0034689903259277344
1649440546.4426181,2.369572313608203,0.00341033935546875
1649440546.4527516,2.368947294534135,0.0035545825958251953
1649440546.4627,2.3706973479415265,0.0034971237182617188
1649440546.4727867,2.3705723441267126,0.003568887710571289
1649440546.482377,2.359572008423109,0.003148317337036133
1649440546.492891,2.3690722983489487,0.003668069839477539
1649440546.5029476,2.369697317423017,0.003711223602294922
1649440546.5164337,2.3628221076082645,0.0072040557861328125
1649440546.522577,2.3746974700155645,0.003287792205810547
1649440546.5327032,2.3533218176824247,0.003409147262573242
1649440546.5424974,2.369822321237831,0.003226041793823242
1649440546.5526145,2.355071871089816,0.0033354759216308594
1649440546.56239,2.3670722373119295,0.00319671630859375
1649440546.572205,2.361072054200873,0.003017902374267578
1649440546.5821784,2.361447065645314,0.003010988235473633
1649440546.5921705,2.3675722525711844,0.003004312515258789
1649440546.6021636,2.36944730979339,0.002997159957885742
1649440546.6117756,2.3640721457564013,0.0026085376739501953
1649440546.6221955,2.368072267830439,0.0030295848846435547
1649440546.6321738,2.361072054200873,0.0030059814453125
1649440546.6421707,2.359697012237922,0.0030045509338378906
1649440546.65218,2.359822016052736,0.003015756607055664
1649440546.6621718,2.365322183904538,0.003004312515258789
1649440546.6721725,2.36369713431196,0.0030057430267333984
1649440546.6821687,2.3528218024231697,0.0030012130737304688
1649440546.692412,2.3710723593859675,0.0032444000244140625
1649440546.702477,2.3705723441267126,0.0032842159271240234
1649440546.7124345,2.3445715506454663,0.003255128860473633
1649440546.7224064,2.350821741386151,0.0032396316528320312
1649440546.7324083,2.3605720389416183,0.0032434463500976562
1649440546.742596,2.3623220923490096,0.0034275054931640625
1649440546.752397,2.36369713431196,0.0032308101654052734
1649440546.7623994,2.3556968901638844,0.0032312870025634766
1649440546.7723923,2.3576969512009036,0.003225088119506836
1649440546.7824004,2.3579469588305306,0.0032324790954589844
1649440546.7924154,2.358696981719413,0.0032477378845214844
1649440546.802408,2.355071871089816,0.0032415390014648438
1649440546.8124063,2.363572130497147,0.003240346908569336
1649440546.8224008,2.3533218176824247,0.0032358169555664062
1649440546.8324087,2.3640721457564013,0.0032422542572021484
1649440546.8424091,2.3625720999786375,0.003244161605834961
1649440546.852403,2.3640721457564013,0.003240346908569336
1649440546.8624065,2.346321604052858,0.0032405853271484375
1649440546.8725984,2.347571642200995,0.003376483917236328
1649440546.8826923,2.3499467146824546,0.003498077392578125
1649440546.8926961,2.342946501052889,0.003496885299682617
1649440546.9026992,2.3488216803491317,0.0035026073455810547
1649440546.912698,2.3640721457564013,0.0035130977630615234
1649440546.9227083,2.359572008423109,0.0035140514373779297
1649440546.9326928,2.337946348460341,0.0034914016723632812
1649440546.942866,2.3473216345713674,0.0036721229553222656
1649440546.9526787,2.3479466536454363,0.0034935474395751953
1649440546.9627125,2.3473216345713674,0.0035026073455810547
1649440546.9729002,2.3416964629047516,0.003632783889770508
1649440546.9829338,2.3441965392010253,0.0037212371826171875
1649440546.992939,2.3453215735343487,0.0037267208099365234
1649440547.002933,2.365572191534165,0.003723621368408203
1649440547.012938,2.359322000793481,0.003725767135620117
1649440547.022941,2.3615720694601277,0.00373077392578125
1649440547.0329456,2.338446363719596,0.0037369728088378906
1649440547.0428345,2.3544468520157475,0.003624439239501953
1649440547.052975,2.340446424756615,0.00376129150390625
1649440547.0629368,2.365822199163793,0.0037271976470947266
1649440547.0730176,2.3418214667195656,0.0036928653717041016
1649440547.0828571,2.3479466536454363,0.0036635398864746094
1649440547.0928485,2.3473216345713674,0.0036444664001464844
1649440547.1029487,2.346696615497299,0.003750324249267578
1649440547.1129189,2.3460715964232306,0.003675222396850586
1649440547.1228838,2.3478216498306224,0.003656148910522461
1649440547.1328437,2.3453215735343487,0.003645181655883789
1649440547.1430469,2.3504467299417096,0.003844022750854492
1649440547.152849,2.351071749015778,0.003644227981567383
1649440547.16286,2.34232148197882,0.003646373748779297
1649440547.1729684,2.345071565904721,0.003667593002319336
1649440547.1829302,2.3524467909787283,0.003715991973876953
1649440547.1929417,2.353071810052797,0.0037317276000976562
1649440547.202941,2.3443215430158393,0.003727436065673828
1649440547.2129474,2.3465716116824855,0.0037376880645751953
1649440547.2229397,2.342571489608448,0.003721475601196289
1649440547.2329254,2.3375713370159,0.0037190914154052734
1649440547.2429397,2.345071565904721,0.003724336624145508
1649440547.2529314,2.336446302682577,0.003721475601196289
1649440547.2629395,2.3605720389416183,0.0037255287170410156
1649440547.2729578,2.3306961272011475,0.003725767135620117
1649440547.282318,2.333946226386303,0.0031058788299560547
1649440547.2929378,2.346321604052858,0.003726959228515625
1649440547.3029335,2.3449465620899077,0.0037162303924560547
1649440547.312289,2.345071565904721,0.0030813217163085938
1649440547.3229108,2.330196111941893,0.003697633743286133
1649440547.3323007,2.3308211310159614,0.0030922889709472656
1649440547.3425426,2.3290710776085697,0.0033288002014160156
1649440547.352288,2.327946043275247,0.0030794143676757812
1649440547.362345,2.3390713827936644,0.0031311511993408203
1649440547.3730001,2.3354462721640674,0.0037298202514648438
1649440547.3823268,2.3396964018677324,0.0031244754791259766
1649440547.392293,2.338821375164037,0.0030803680419921875
1649440547.402941,2.34232148197882,0.0037262439727783203
1649440547.4129221,2.3329461958677937,0.0037147998809814453
1649440547.4229279,2.334571245460372,0.0037147998809814453
1649440547.4323645,2.340446424756615,0.003116607666015625
1649440547.442346,2.3408214362010558,0.0030977725982666016
1649440547.4523988,2.3396964018677324,0.0031576156616210938
1649440547.4629853,2.344446546830653,0.0037703514099121094
1649440547.4729419,2.328446058534501,0.003707408905029297
1649440547.4822974,2.3365713064973908,0.0030813217163085938
1649440547.4922988,2.3359462874233223,0.003089427947998047
1649440547.5023048,2.331821161534471,0.0030813217163085938
1649440547.5129213,2.3436965239417704,0.0037102699279785156
1649440547.5222998,2.3394463942381054,0.0030837059020996094
1649440547.5329144,2.3314461500900294,0.003705263137817383
1649440547.542545,2.334946256904813,0.0033338069915771484
1649440547.5522907,2.34707162694174,0.003084421157836914
1649440547.5622969,2.330946134830775,0.0030863285064697266
1649440547.5728679,2.3330711996826077,0.0036401748657226562
1649440547.5823154,2.338446363719596,0.003105640411376953
1649440547.5929158,2.334071230201117,0.003708362579345703
1649440547.6029427,2.3465716116824855,0.0037298202514648438
1649440547.6129308,2.3446965544602802,0.003723621368408203
1649440547.6229424,2.342946501052889,0.0037305355072021484
1649440547.6329305,2.340446424756615,0.0037217140197753906
1649440547.6429489,2.3346962492751855,0.0037364959716796875
1649440547.6529274,2.335321268349254,0.0037224292755126953
1649440547.6629462,2.337196325571459,0.003726959228515625
1649440547.6733656,2.3354462721640674,0.0037016868591308594
1649440547.6831348,2.3411964476454967,0.003614664077758789
1649440547.6931763,2.338071352275155,0.003629922866821289
1649440547.702219,2.337946348460341,0.003021717071533203
1649440547.712834,2.3409464400158697,0.0036351680755615234
1649440547.7228572,2.333321207312235,0.003650665283203125
1649440547.7328553,2.342571489608448,0.0036559104919433594
1649440547.743062,2.3411964476454967,0.0038564205169677734
1649440547.7528424,2.3319461653492843,0.0036487579345703125
1649440547.7628603,2.330571123386334,0.00365447998046875
1649440547.7722347,2.329196081423383,0.0030388832092285156
1649440547.7829506,2.3204458143864253,0.003736257553100586
1649440547.792938,2.323070894497513,0.0037305355072021484
1649440547.802951,2.338321359904782,0.003732919692993164
1649440547.8129299,2.333946226386303,0.003721952438354492
1649440547.8223062,2.3325711844233528,0.0030913352966308594
1649440547.832926,2.3226958830530715,0.003715038299560547
1649440547.8429477,2.3224458754234445,0.003729104995727539
1649440547.852918,2.3223208716086305,0.003709077835083008
1649440547.862936,2.3313211462752164,0.0037195682525634766
1649440547.8729503,2.3283210547196878,0.0037412643432617188
1649440547.8829355,2.3200708029419843,0.0037162303924560547
1649440547.8923004,2.328446058534501,0.003091573715209961
1649440547.902932,2.3148206427198095,0.003715991973876953
1649440547.9129367,2.315070650349437,0.003726959228515625
1649440547.9229326,2.3125705740531632,0.003717184066772461
1649440547.9329236,2.313070589312418,0.0037124156951904297
1649440547.9431784,2.316695699942015,0.003962993621826172
1649440547.9523072,2.3131955931272317,0.0031020641326904297
1649440547.9623234,2.311320535905027,0.0031151771545410156
1649440547.9723227,2.3083204443494982,0.003111124038696289
1649440547.9826534,2.317070711386456,0.0034322738647460938
1649440547.9933102,2.303320291756951,0.003765106201171875
1649440548.0032778,2.333196203497421,0.003727436065673828
1649440548.0132551,2.3135706045716726,0.0037102699279785156
1649440548.0232792,2.3056953642384106,0.003724336624145508
1649440548.0332649,2.305945371868038,0.003713369369506836
1649440548.0426269,2.330571123386334,0.0030722618103027344
1649440548.0526013,2.321695852534562,0.0030558109283447266
1649440548.0626142,2.3096954863124486,0.0030646324157714844
1649440548.0734305,2.3049453413495287,0.003884553909301758
1649440548.0834293,2.302445265053255,0.004225730895996094
1649440548.0929632,2.302695272682882,0.003762960433959961
1649440548.1030054,2.3206958220160527,0.0038039684295654297
1649440548.1129656,2.3098204901272625,0.003756999969482422
1649440548.1230068,2.311195532090213,0.0038051605224609375
1649440548.13296,2.3105705130161445,0.003763437271118164
1649440548.1430855,2.298570146794031,0.003883838653564453
1649440548.1529262,2.319445783867916,0.0037305355072021484
1649440548.163069,2.3039453108310193,0.002688884735107422
1649440548.1721869,2.3013202307199316,0.0029299259185791016
1649440548.1825438,2.3065703909421065,0.0032765865325927734
1649440548.1922178,2.298945158238472,0.0029609203338623047
1649440548.2019632,2.289819879757073,0.002729654312133789
1649440548.212003,2.2956950590533163,0.0027713775634765625
1649440548.2220287,2.3044453260902737,0.002802610397338867
1649440548.231908,2.299320169682913,0.0026454925537109375
1649440548.242024,2.2875698110904263,0.0027632713317871094
1649440548.2520666,2.299195165868099,0.0028231143951416016
1649440548.2620902,2.2873198034607993,0.0028312206268310547
1649440548.2719111,2.293945005645924,0.002675294876098633
1649440548.2823694,2.2914449293496504,0.0031785964965820312
1649440548.2923753,2.2835696890163883,0.0031931400299072266
1649440548.3023615,2.2886948454237497,0.0031747817993164062
1649440548.312369,2.2868197882015444,0.0031871795654296875
1649440548.32235,2.2785695364238414,0.0031633377075195312
1649440548.3323607,2.28531974242378,0.003179788589477539
1649440548.3423872,2.2963200781273843,0.003199338912963867
1649440548.3523598,2.2958200628681293,0.0031757354736328125
1649440548.36236,2.289194860683004,0.0031714439392089844
1649440548.3724139,2.2923199560533463,0.0032296180725097656
1649440548.3819773,2.2835696890163883,0.0027556419372558594
1649440548.3919845,2.290194891201514,0.0027713775634765625
1649440548.4019828,2.2903198950163275,0.002760648727416992
1649440548.4120257,2.2920699484237193,0.0028116703033447266
1649440548.4220748,2.2913199255348373,0.002798795700073242
1649440548.431998,2.282569658497879,0.0027844905853271484
1649440548.4419942,2.2919449446089053,0.0027697086334228516
1649440548.4520946,2.2956950590533163,0.0028526782989501953
1649440548.4620423,2.2833196813867613,0.0027837753295898438
1649440548.4720469,2.286944792016358,0.0027680397033691406
1649440548.4819348,2.279444563127537,0.002704143524169922
1649440548.4919453,2.2803195898312327,0.0027153491973876953
1649440548.501889,2.286194769127476,0.0026874542236328125
1649440548.5119033,2.290194891201514,0.0026950836181640625
1649440548.5218945,2.2835696890163883,0.0026934146881103516
1649440548.5318954,2.2876948149052403,0.002687692642211914
1649440548.541885,2.285694753868221,0.002685070037841797
1649440548.5518868,2.283819696646016,0.0026807785034179688
1649440548.5618842,2.2806946012756737,0.002683401107788086
1649440548.5718877,2.2836946928312023,0.0026814937591552734
1649440548.581892,2.2741944029053625,0.002694368362426758
1649440548.5919058,2.2764444715720087,0.0027000904083251953
1649440548.6018794,2.285694753868221,0.002679586410522461
1649440548.6118965,2.2724443494979707,0.0026946067810058594
1649440548.6218793,2.2784445326090275,0.0026798248291015625
1649440548.6319058,2.2753194372386853,0.002699613571166992
1649440548.6418788,2.281694631794183,0.0026807785034179688
1649440548.651896,2.2835696890163883,0.0026884078979492188
1649440548.6624389,2.286194769127476,0.0032396316528320312
1649440548.671888,2.282569658497879,0.002683401107788086
1649440548.6818867,2.2789445478682824,0.0026886463165283203
1649440548.6918914,2.283819696646016,0.0026857852935791016
1649440548.7018769,2.2871947996459854,0.0026793479919433594
1649440548.7118902,2.2839447004608298,0.0026874542236328125
1649440548.7218883,2.2826946623126925,0.0026879310607910156
1649440548.7318952,2.2780695211645865,0.0026929378509521484
1649440548.741982,2.276569475386822,0.0027277469635009766
1649440548.7519176,2.2793195593127233,0.0027179718017578125
1649440548.7618847,2.2803195898312327,0.002682209014892578
1649440548.7719212,2.272694357127598,0.0027146339416503906
1649440548.7819045,2.277069490646077,0.0026950836181640625
1649440548.7919066,2.2756944486831268,0.0027010440826416016
1649440548.8018923,2.2781945249794,0.0026917457580566406
1649440548.8119063,2.2874448072756124,0.002697467803955078
1649440548.8218856,2.275069429609058,0.0026848316192626953
1649440548.831894,2.270319284646138,0.002689361572265625
1649440548.8419147,2.286194769127476,0.0027008056640625
1649440548.8518996,2.2759444563127538,0.0026934146881103516
1649440548.8618848,2.2835696890163883,0.0026857852935791016
1649440548.871885,2.2780695211645865,0.0026853084564208984
1649440548.8819456,2.273069368572039,0.0026924610137939453
1649440548.89198,2.2800695822016057,0.002731800079345703
1649440548.9020562,2.2740693990905485,0.0028116703033447266
1649440548.9119112,2.2875698110904263,0.002706766128540039
1649440548.9219146,2.286569780571917,0.0026979446411132812
1649440548.9318883,2.2720693380535297,0.0026807785034179688
1649440548.9418833,2.28531974242378,0.0026788711547851562
1649440548.9519012,2.281694631794183,0.0026907920837402344
1649440548.9618933,2.280944608905301,0.002690553665161133
1649440548.971918,2.2850697347941527,0.002700328826904297
1649440548.981903,2.2824446546830655,0.002685546875
1649440548.992278,2.2705692922757654,0.002730131149291992
1649440549.0022643,2.2779445173497725,0.0027103424072265625
1649440549.011887,2.2743194067201755,0.002688169479370117
1649440549.0222657,2.2759444563127538,0.002715587615966797
1649440549.0318904,2.2760694601275677,0.0026900768280029297
1649440549.0422726,2.285194738608966,0.0027163028717041016
1649440549.0518916,2.2830696737571334,0.0026924610137939453
1649440549.0618913,2.2748194219794304,0.002691507339477539
1649440549.0718815,2.275444441053499,0.002683401107788086
1649440549.0818887,2.281319620349742,0.0026865005493164062
1649440549.0918732,2.2796945707571643,0.002675771713256836
1649440549.1018949,2.2740693990905485,0.002691030502319336
1649440549.1118743,2.269069246498001,0.002678394317626953
1649440549.1218882,2.284819727164525,0.0026874542236328125
1649440549.1322742,2.2744444105349895,0.002721548080444336
1649440549.14189,2.2785695364238414,0.0026853084564208984
1649440549.1528392,2.270694296090579,0.0032911300659179688
1649440549.1619387,2.2788195440534684,0.002723217010498047
1649440549.1719563,2.281069612720115,0.0027425289154052734
1649440549.1819189,2.272694357127598,0.002705097198486328
1649440549.1919265,2.2786945402386545,0.0027112960815429688
1649440549.2019293,2.2693192541276286,0.0027093887329101562
1649440549.2119312,2.2796945707571643,0.0027174949645996094
1649440549.2219312,2.2723193456831567,0.0027124881744384766
1649440549.2320085,2.277444502090518,0.0027916431427001953
1649440549.2419865,2.2656941434980316,0.0027916431427001953
1649440549.251981,2.2761944639423812,0.0027837753295898438
1649440549.2619963,2.277444502090518,0.0027923583984375
1649440549.272769,2.272569353312784,0.003167867660522461
1649440549.282536,2.277069490646077,0.002874612808227539
1649440549.2921212,2.273069368572039,0.0028769969940185547
1649440549.303012,2.2748194219794304,0.0037920475006103516
1649440549.3124602,2.2739443952757346,0.00325775146484375
1649440549.32247,2.277444502090518,0.003264904022216797
1649440549.3321795,2.267569200720237,0.002679109573364258
1649440549.3421683,2.271819330423902,0.0026564598083496094
1649440549.3521805,2.271444318979461,0.0026841163635253906
1649440549.362239,2.273319376201666,0.002691984176635742
1649440549.3721983,2.274694418164617,0.002696514129638672
1649440549.3822777,2.2615690176091796,0.0027625560760498047
1649440549.3922458,2.2824446546830655,0.002712249755859375
1649440549.4023042,2.260693990905484,0.0027260780334472656
1649440549.412235,2.2788195440534684,0.0026977062225341797
1649440549.4222584,2.26731919309061,0.0027196407318115234
1649440549.4322956,2.2639440900906402,0.0027611255645751953
1649440549.4418828,2.274694418164617,0.002682209014892578
1649440549.4519112,2.2721943418683432,0.0026862621307373047
1649440549.4622943,2.2704442884609515,0.002752542495727539
1649440549.4722862,2.2665691702017274,0.0027534961700439453
1649440549.4818883,2.2621940366832485,0.0026891231536865234
1649440549.491871,2.264444105349895,0.0026760101318359375
1649440549.501881,2.260318979461043,0.002681732177734375
1649440549.5118625,2.2613190099795526,0.0026674270629882812
1649440549.5218785,2.2659441511276586,0.002680063247680664
1649440549.531879,2.2514437086092713,0.002682209014892578
1649440549.5418947,2.268569231238746,0.002698183059692383
1649440549.5518644,2.2590689413129064,0.0026679039001464844
1649440549.561876,2.256693868831446,0.002677440643310547
1649440549.5719025,2.254568803979614,0.002690553665161133
1649440549.5818806,2.2534437696462906,0.002680063247680664
1649440549.5918727,2.24969365520188,0.002674102783203125
1649440549.6018775,2.2438184759056368,0.002678394317626953
1649440549.611866,2.249318643757439,0.0026700496673583984
1649440549.6219203,2.2366932584612567,0.002689361572265625
1649440549.631937,2.250943693350017,0.002712249755859375
1649440549.6418762,2.2425684377575,0.0026769638061523438
1649440549.651879,2.2361932432020017,0.002676248550415039
1649440549.661886,2.2293180333872495,0.002688169479370117
1649440549.671881,2.220692770165105,0.0026772022247314453
1649440549.6819682,2.2386933194982754,0.002758502960205078
1649440549.6919615,2.233193151646474,0.002741575241088867
1649440549.7019598,2.219317728202155,0.0027468204498291016
1649440549.7119663,2.237318277535325,0.002748727798461914
1649440549.7219577,2.242068422498245,0.0027456283569335938
1649440549.731963,2.2221928159428694,0.002744913101196289
1649440549.7419727,2.2440684835352642,0.0027599334716796875
1649440549.7519627,2.2396933500167853,0.0027458667755126953
1649440549.7619565,2.2473185827204203,0.0027458667755126953
1649440549.7719638,2.2328181402020326,0.0027494430541992188
1649440549.7818887,2.2308180791650134,0.0026865005493164062
1649440549.7918727,2.249818659016694,0.002670764923095703
1649440549.8018935,2.22119278542436,0.0026960372924804688
1649440549.812079,2.228818018127995,0.0028727054595947266
1649440549.8219073,2.2236928617206337,0.0026857852935791016
1649440549.8318748,2.2486936246833706,0.002676725387573242
1649440549.8418698,2.2259429303872795,0.002669095993041992
1649440549.8518786,2.2445684987945187,0.002682209014892578
1649440549.862058,2.2440684835352642,0.002830982208251953
1649440549.871945,2.2260679342020935,0.0027132034301757812
1649440549.8819182,2.2430684530167544,0.0027132034301757812
1649440549.892269,2.232193121127964,0.002727508544921875
1649440549.9018984,2.229818048646504,0.0026998519897460938
1649440549.9118772,2.241693411053804,0.002674579620361328
1649440549.9218872,2.2428184453871274,0.0026922225952148438
1649440549.9318795,2.223067842646565,0.002674579620361328
1649440549.9424973,2.242068422498245,0.003299236297607422
1649440549.951873,2.2388183233130894,0.0026695728302001953
1649440549.961892,2.2296930448316905,0.0026941299438476562
1649440549.9718747,2.2300680562761315,0.002673625946044922
1649440549.9818752,2.2265679494613484,0.0026776790618896484
1649440549.991876,2.2234428540910063,0.002676248550415039
1649440550.0018806,2.2259429303872795,0.0026826858520507812
1649440550.011883,2.231068086794641,0.002683877944946289
1649440550.0218782,2.229818048646504,0.002681255340576172
1649440550.0318694,2.2176926786095765,0.0026674270629882812
1649440550.0418866,2.22494289986877,0.002688884735107422
1649440550.051872,2.2234428540910063,0.0026693344116210938
1649440550.0618882,2.22019275490585,0.0026907920837402344
1649440550.0718856,2.2125675222022156,0.002682924270629883
1649440550.0819762,2.217192663350322,0.0027627944946289062
1649440550.0919704,2.2383183080538345,0.0027523040771484375
1649440550.101965,2.2343181859797965,0.0027539730072021484
1649440550.1119666,2.224817896053957,0.002748727798461914
1649440550.1219745,2.2200677510910367,0.0027573108673095703
1649440550.1319687,2.2161926328318122,0.002752542495727539
1649440550.1419544,2.2170676595355086,0.002744913101196289
1649440550.1519678,2.2115674916837063,0.0027494430541992188
1649440550.1619606,2.2179426862392044,0.0027484893798828125
1649440550.1719542,2.2161926328318122,0.002740621566772461
1649440550.1818783,2.228943021942808,0.0026781558990478516
1649440550.1918714,2.224817896053957,0.0026721954345703125
1649440550.2018833,2.216817651905881,0.002685546875
1649440550.211879,2.2216928006836145,0.0026760101318359375
1649440550.2218819,2.215192602313303,0.0026865005493164062
1649440550.2318802,2.219567735831782,0.002677440643310547
1649440550.2418783,2.2301930600909454,0.002680063247680664
1649440550.2518826,2.2258179265724665,0.002680063247680664
1649440550.2618675,2.2319431134983367,0.002671480178833008
1649440550.2718763,2.2265679494613484,0.0026738643646240234
1649440550.282771,2.210942472609638,0.0034635066986083984
1649440550.29208,2.2093174230170596,0.0028603076934814453
1649440550.302007,2.2078173772392957,0.0027971267700195312
1649440550.3120117,2.2269429609057894,0.002802133560180664
1649440550.322007,2.2264429456465344,0.0028009414672851562
1649440550.331963,2.2320681173131507,0.0027511119842529297
1649440550.3421369,2.2236928617206337,0.0028924942016601562
1649440550.3521385,2.218567705313273,0.0028541088104248047
1649440550.361989,2.2081923886837367,0.0027456283569335938
1649440550.3720107,2.208067384868923,0.002759695053100586
1649440550.382016,2.2038172551652577,0.0027718544006347656
1649440550.392569,2.2071923581652273,0.0033416748046875
1649440550.401913,2.201692190313425,0.002669811248779297
1649440550.4119203,2.198317087313456,0.002687215805053711
1649440550.4219213,2.1994421216467788,0.0026879310607910156
1649440550.4319315,2.1968170415356916,0.0027005672454833984
1649440550.4418983,2.1948169804986724,0.0026721954345703125
1649440550.4526265,2.1945669728690453,0.0031554698944091797
1649440550.4625578,2.1879417706839197,0.0033273696899414062
1649440550.4719114,2.2284430066835537,0.0026803016662597656
1649440550.4818902,2.2188177129429,0.00266265869140625
1649440550.4919264,2.2094424268318735,0.002691030502319336
1649440550.5019636,2.194191961424604,0.0027358531951904297
1649440550.5120046,2.2293180333872495,0.0027976036071777344
1649440550.5219154,2.2175676747947635,0.0027174949645996094
1649440550.5320024,2.2074423657948543,0.0027883052825927734
1649440550.5419931,2.189191808832057,0.002796649932861328
1649440550.5519354,2.2055673085726495,0.002727985382080078
1649440550.561909,2.2468185674611654,0.002705812454223633
1649440550.5724711,2.1998171330912197,0.0032684803009033203
1649440550.5818737,2.2216928006836145,0.0026748180389404297
1649440550.5918834,2.205692312387463,0.002681255340576172
1649440550.6019623,2.229818048646504,0.0027103424072265625
1649440550.6118968,2.2194427320169683,0.0026922225952148438
1649440550.6218746,2.220567766350291,0.0026769638061523438
1649440550.6318822,2.211317484054079,0.0026836395263671875
1649440550.6418622,2.2015671864986115,0.0026679039001464844
1649440550.6518798,2.218442701498459,0.0026772022247314453
1649440550.6618717,2.224317880794702,0.002677440643310547
1649440550.6718798,2.20219220557268,0.002677440643310547
1649440550.6818976,2.2299430524613175,0.0027031898498535156
1649440550.6919813,2.2078173772392957,0.0027604103088378906
1649440550.7019553,2.2165676442762536,0.0027441978454589844
1649440550.7119813,2.2028172246467483,0.002762317657470703
1649440550.722034,2.224192876979888,0.0028209686279296875
1649440550.7320209,2.1908168584246344,0.002802610397338867
1649440550.741963,2.1856917020172735,0.0027549266815185547
1649440550.7519715,2.2324431287575917,0.0027549266815185547
1649440550.7620225,2.197317056794946,0.002814054489135742
1649440550.7719693,2.2174426709799495,0.002753734588623047
1649440550.7820091,2.1908168584246344,0.0028045177459716797
1649440550.791968,2.2521937314981537,0.002756357192993164
1649440550.8020232,2.1991921140171513,0.0028171539306640625
1649440550.811969,2.232568132572405,0.0027565956115722656
1649440550.8220243,2.20219220557268,0.0028171539306640625
1649440550.8319669,2.197317056794946,0.0027549266815185547
1649440550.8420405,2.2218178044984285,0.002835512161254883
1649440550.851969,2.19269191564684,0.002757549285888672
1649440550.8620203,2.2438184759056368,0.002813100814819336
1649440550.8719776,2.228818018127995,0.0027637481689453125
1649440550.8820245,2.2264429456465344,0.0028214454650878906
1649440550.8919642,2.212317514572588,0.0027506351470947266
1649440550.9020298,2.222817835016938,0.0028231143951416016
1649440550.911979,2.2219428083132424,0.0027642250061035156
1649440550.9220364,2.219567735831782,0.002828836441040039
1649440550.9319677,2.2219428083132424,0.0027549266815185547
1649440550.9419463,2.198192083498642,0.0027382373809814453
1649440550.9519668,2.2073173619800412,0.0027549266815185547
1649440550.962017,2.2068173467207863,0.0028107166290283203
1649440550.9719675,2.215942625202185,0.0027539730072021484
1649440550.9820302,2.219942747276223,0.0028264522552490234
1649440550.9919596,2.2004421521652886,0.002747058868408203
1649440551.002045,2.2139425641651664,0.0028259754180908203
1649440551.011962,2.214442579424421,0.0027511119842529297
1649440551.022028,2.2169426557206946,0.0028219223022460938
1649440551.0319636,2.20219220557268,0.002751588821411133
1649440551.0420249,2.2026922208319344,0.002821207046508789
1649440551.0520666,2.2173176671651356,0.002833127975463867
1649440551.0620546,2.1989421063875243,0.002794981002807617
1649440551.0720437,2.225067903683584,0.0028312206268310547
1649440551.082056,2.222317819757683,0.0028471946716308594
1649440551.0920253,2.210067445905942,0.0027506351470947266
1649440551.101873,2.206067323831904,0.002679109573364258
1649440551.1119256,2.1980670796838284,0.002729177474975586
1649440551.121864,2.216817651905881,0.002674102783203125
1649440551.1319196,2.201942197943053,0.002721071243286133
1649440551.1418645,2.2441934873500777,0.002675294876098633
1649440551.151943,2.217192663350322,0.0027163028717041016
1649440551.1620107,2.2134425489059115,0.0028138160705566406
1649440551.1718736,2.2090674153874326,0.002676248550415039
1649440551.1818798,2.2070673543504133,0.0026862621307373047
1649440551.191973,2.2028172246467483,0.002760648727416992
1649440551.202112,2.1984420911282694,0.0029070377349853516
1649440551.2125893,2.2491936399426256,0.0033791065216064453
1649440551.222103,2.227067964720603,0.0028934478759765625
1649440551.2321498,2.2236928617206337,0.002908945083618164
1649440551.2420862,2.22831800286874,0.002824068069458008
1649440551.2521336,2.22019275490585,0.0029227733612060547
1649440551.2619772,2.2200677510910367,0.0027642250061035156
1649440551.2720997,2.205817316202277,0.002892732620239258
1649440551.2819548,2.236568254646443,0.002746105194091797
1649440551.292011,2.2175676747947635,0.002816915512084961
1649440551.3018963,2.2041922666096987,0.002697467803955078
1649440551.311998,2.1999421369060337,0.0028073787689208984
1649440551.3218856,2.2178176824243905,0.002694368362426758
1649440551.3319972,2.1960670186468096,0.002804994583129883
1649440551.3418744,2.2401933652760397,0.0026764869689941406
1649440551.3520312,2.228568010498367,0.002824544906616211
1649440551.3618796,2.2188177129429,0.002681732177734375
1649440551.3720126,2.206317331461532,0.002818584442138672
1649440551.3820088,2.2158176213873713,0.0028104782104492188
1649440551.392063,2.210067445905942,0.0028388500213623047
1649440551.4020717,2.2368182622760706,0.002844572067260742
1649440551.41245,2.221567796868801,0.002878427505493164
1649440551.4224305,2.2319431134983367,0.0028467178344726562
1649440551.432421,2.219192724387341,0.002850770950317383
1649440551.4424317,2.2306930753502,0.002851724624633789
1649440551.4524605,2.2169426557206946,0.0028629302978515625
1649440551.4624472,2.241443403424177,0.002870321273803711
1649440551.472429,2.222817835016938,0.002855539321899414
1649440551.482421,2.211942503128147,0.002840280532836914
1649440551.4923396,2.2035672475356303,0.0027704238891601562
1649440551.502306,2.1971920529801325,0.0027725696563720703
1649440551.512278,2.189941831720939,0.002747774124145508
1649440551.5223663,2.1866917325357833,0.002826690673828125
1649440551.531938,2.1905668507950073,0.0027313232421875
1649440551.5419807,2.213692556535539,0.0027718544006347656
1649440551.5519104,2.1946919766838584,0.002708911895751953
1649440551.561934,2.1880667744987337,0.002727031707763672
1649440551.5719037,2.2306930753502,0.002701282501220703
1649440551.5819242,2.2129425336466566,0.002717733383178711
1649440551.5918975,2.2094424268318735,0.0026988983154296875
1649440551.601924,2.1915668813135167,0.002714395523071289
1649440551.6119103,2.2383183080538345,0.0027074813842773438
1649440551.6219227,2.218942716757714,0.0027136802673339844
1649440551.6319141,2.188566789757988,0.0027115345001220703
1649440551.641925,2.1879417706839197,0.0027260780334472656
1649440551.6519134,2.2024422132023074,0.0027103424072265625
1649440551.661931,2.197692068239387,0.0027205944061279297
1649440551.672281,2.2059423200170905,0.003079652786254883
1649440551.6823256,2.193316934720908,0.0031194686889648438
1649440551.692297,2.188941801202429,0.0030965805053710938
1649440551.7022886,2.1995671254615923,0.0030803680419921875
1649440551.7122962,2.197567064424574,0.003089427947998047
1649440551.7222774,2.1946919766838584,0.0030679702758789062
1649440551.732279,2.189566820276498,0.003076791763305664
1649440551.7425053,2.2095674306466875,0.0032968521118164062
1649440551.752284,2.1961920224616227,0.0030884742736816406
1649440551.7629433,2.1954419995727408,0.003711223602294922
1649440551.772334,2.1871917477950378,0.003099679946899414
1649440551.7822938,2.1783164769432664,0.003092050552368164
1649440551.7923148,2.2175676747947635,0.0031070709228515625
1649440551.8029072,2.18931681264687,0.003708362579345703
1649440551.812916,2.181566576128422,0.003709554672241211
1649440551.8229067,2.1774414502395705,0.003706216812133789
1649440551.8329098,2.172316293832209,0.0037031173706054688
1649440551.8428376,2.2125675222022156,0.0036356449127197266
1649440551.8529115,2.1996921292764062,0.0037055015563964844
1649440551.8629081,2.20219220557268,0.003704071044921875
1649440551.8729048,2.182441602832118,0.0037026405334472656
1649440551.8829143,2.170191228980377,0.0037069320678710938
1649440551.8929079,2.205817316202277,0.003699779510498047
1649440551.902278,2.197567064424574,0.003077268600463867
1649440551.9122837,2.19269191564684,0.0030760765075683594
1649440551.9222903,2.180191534165471,0.0030875205993652344
1649440551.9329107,2.1741913510544144,0.003701925277709961
1649440551.9424915,2.1750663777581107,0.0032927989959716797
1649440551.9522915,2.167691152684103,0.003087282180786133
1649440551.962291,2.1694412060914945,0.0030901432037353516
1649440551.972949,2.19269191564684,0.003743410110473633
1649440551.982289,2.1905668507950073,0.0030901432037353516
1649440551.9922996,2.170441236610004,0.003093242645263672
1649440552.002489,2.1826916104617453,0.0032896995544433594
1649440552.0122883,2.172191290017395,0.003080606460571289
1649440552.0229495,2.1674411450544753,0.0037124156951904297
1649440552.0329175,2.1635660267952512,0.0037086009979248047
1649440552.0429106,2.172316293832209,0.0037059783935546875
1649440552.0529037,2.163691030610065,0.0036957263946533203
1649440552.0629036,2.1778164616840114,0.0037016868591308594
1649440552.072924,2.180566545609912,0.0037152767181396484
1649440552.082414,2.1754413892025513,0.003212451934814453
1649440552.0929163,2.171566270943327,0.003710031509399414
1649440552.1022906,2.171566270943327,0.0030863285064697266
1649440552.112276,2.1593158970915862,0.003070354461669922
1649440552.1222882,2.1770664387951295,0.0030875205993652344
1649440552.1329124,2.1599409161656546,0.003705739974975586
1649440552.1424937,2.1558157902768027,0.0032906532287597656
1649440552.1522918,2.1606909390545366,0.003086566925048828
1649440552.162297,2.149190588091678,0.0030901432037353516
1649440552.172306,2.168816187017426,0.0031011104583740234
1649440552.1822922,2.158065858943449,0.0030946731567382812
1649440552.1923113,2.1519406720175787,0.003104686737060547
1649440552.2029119,2.173191320535905,0.003710508346557617
1649440552.212917,2.1604409314249096,0.0037109851837158203
1649440552.2229075,2.1604409314249096,0.0037033557891845703
1649440552.2329254,2.1631910153508103,0.003718852996826172
1649440552.242914,2.1549407635731073,0.0037107467651367188
1649440552.2529104,2.153315713980529,0.003707408905029297
1649440552.2622736,2.152565691091647,0.0030722618103027344
1649440552.272914,2.175816400646992,0.0037076473236083984
1649440552.282908,2.170691244239632,0.0037081241607666016
1649440552.292921,2.1686911832026126,0.0037136077880859375
1649440552.302291,2.16794116031373,0.003087282180786133
1649440552.312288,2.163691030610065,0.0030798912048339844
1649440552.3222764,2.1513156529435102,0.0030736923217773438
1649440552.3322911,2.1566908169804986,0.0030829906463623047
1649440552.342492,2.15369072542497,0.0032889842987060547
1649440552.3523078,2.1475655384990997,0.003098011016845703
1649440552.3627396,2.166191106906339,0.003538846969604492
1649440552.3719995,2.1524406872768336,0.0027954578399658203
1649440552.3819098,2.163941038239692,0.002710580825805664
1649440552.3919754,2.1426903897213663,0.0027620792388916016
1649440552.4025779,2.1386902676473283,0.003371000289916992
1649440552.411965,2.1901918393505664,0.0027556419372558594
1649440552.4219954,2.175191381572924,0.002772092819213867
1649440552.431966,2.15369072542497,0.0027587413787841797
1649440552.4419463,2.144940458388012,0.002744436264038086
1649440552.452024,2.144815454573199,0.002774477005004883
1649440552.4619553,2.1376902371288184,0.00275421142578125
1649440552.4719865,2.1615659657582325,0.0027582645416259766
1649440552.4829066,2.163316019165624,0.0036363601684570312
1649440552.4919953,2.1504406262398144,0.0027031898498535156
1649440552.5019085,2.1641910458693197,0.0027022361755371094
1649440552.5118823,2.158690878017518,0.002686738967895508
1649440552.5218978,2.1566908169804986,0.0027005672454833984
1649440552.531876,2.15369072542497,0.0026793479919433594
1649440552.5419414,2.1426903897213663,0.0027408599853515625
1649440552.5518515,2.1488155766472365,0.0026574134826660156
1649440552.5619006,2.1634410229804373,0.0026988983154296875
1649440552.571866,2.1436904202398757,0.002669811248779297
1649440552.581898,2.1500656147953734,0.002696514129638672
1649440552.5918717,2.1560657979064306,0.00267791748046875
1649440552.601905,2.1431904049806207,0.0027036666870117188
1649440552.6119325,2.1435654164250617,0.002706766128540039
1649440552.6220372,2.1478155461287267,0.0028085708618164062
1649440552.6318927,2.149440595721305,0.0026907920837402344
1649440552.642009,2.1390652790917692,0.002671957015991211
1649440552.6522636,2.168066164128544,0.0027320384979248047
1649440552.6623027,2.1564408093508716,0.0027642250061035156
1649440552.6722927,2.144690450758385,0.0027611255645751953
1649440552.682306,2.1548157597582933,0.0027632713317871094
1649440552.6922796,2.1513156529435102,0.0027518272399902344
1649440552.7023017,2.1458154850917084,0.0027687549591064453
1649440552.7122939,2.1424403820917384,0.0027627944946289062
1649440552.7223058,2.1540657368694114,0.0027713775634765625
1649440552.7322912,2.1509406414990693,0.002760171890258789
1649440552.7423933,2.149815607165746,0.002851724624633789
1649440552.7523117,2.141440351573229,0.002778768539428711
1649440552.7623029,2.1471905270546587,0.0027675628662109375
1649440552.772273,2.149065584276864,0.002735614776611328
1649440552.7822542,2.14281539353618,0.0027208328247070312
1649440552.792295,2.1468155156102173,0.0027616024017333984
1649440552.8022954,2.1376902371288184,0.002765178680419922
1649440552.8123007,2.13706521805475,0.0027685165405273438
1649440552.8223126,2.136315195165868,0.0027735233306884766
1649440552.8322968,2.1390652790917692,0.00276947021484375
1649440552.8422945,2.13706521805475,0.0027625560760498047
1649440552.8522906,2.14044032105472,0.0027589797973632812
1649440552.8622952,2.1436904202398757,0.0027627944946289062
1649440552.8722858,2.1444404431287576,0.0027191638946533203
1649440552.8823066,2.144690450758385,0.0027713775634765625
1649440552.8922749,2.153940733054598,0.002716064453125
1649440552.902299,2.14994061098056,0.0027675628662109375
1649440552.9122953,2.1360651875362406,0.0027675628662109375
1649440552.9222996,2.14044032105472,0.0027637481689453125
1649440552.9322984,2.151690664387951,0.0027666091918945312
1649440552.9423442,2.1393152867213967,0.0027990341186523438
1649440552.9522636,2.1356901760917997,0.0027332305908203125
1649440552.9622989,2.14519046601764,0.0027589797973632812
1649440552.972287,2.134440137943663,0.0027573108673095703
1649440552.9823117,2.1325650807214576,0.0027747154235839844
1649440552.992296,2.131940061647389,0.0027620792388916016
1649440553.0022886,2.135565172276986,0.0027573108673095703
1649440553.0122817,2.131565050202948,0.0027577877044677734
1649440553.0222983,2.130815027314066,0.002766132354736328
1649440553.0322945,2.128814966277047,0.002767324447631836
1649440553.042828,2.1429403973509933,0.0033011436462402344
1649440553.0522618,2.135940183721427,0.0027320384979248047
1649440553.062454,2.1420653706472974,0.0026776790618896484
1649440553.0722904,2.1376902371288184,0.0027632713317871094
1649440553.082291,2.136315195165868,0.0027556419372558594
1649440553.092252,2.1393152867213967,0.002722024917602539
1649440553.1023073,2.132815088351085,0.0027723312377929688
1649440553.1122928,2.1346901455732903,0.002763509750366211
1649440553.1222968,2.1311900387585068,0.0027625560760498047
1649440553.131871,2.157440839869381,0.002679109573364258
1649440553.1422555,2.1480655537583546,0.002718210220336914
1649440553.1522863,2.136690206610309,0.0027589797973632812
1649440553.1622696,2.140315317239906,0.0026788711547851562
1649440553.1727114,2.149315591906491,0.0029582977294921875
1649440553.1820166,2.1338151188695944,0.0027382373809814453
1649440553.1921852,2.1506906338694423,0.0029249191284179688
1649440553.2019675,2.141565355388043,0.0027365684509277344
1649440553.2119198,2.1461904965361494,0.0027124881744384766
1649440553.2219293,2.134440137943663,0.0027163028717041016
1649440553.2319043,2.135940183721427,0.0026497840881347656
1649440553.2421446,2.1353151646473587,0.002880573272705078
1649440553.2520638,2.134440137943663,0.002819538116455078
1649440553.2620635,2.1339401226844084,0.0028200149536132812
1649440553.2725637,2.135565172276986,0.003319263458251953
1649440553.2824724,2.1343151341288493,0.0032744407653808594
1649440553.2925277,2.1358151799066136,0.0033261775970458984
1649440553.302324,2.134565141758477,0.0031528472900390625
1649440553.3123267,2.1369402142399365,0.0031478404998779297
1649440553.322349,2.1435654164250617,0.003143787384033203
1649440553.3323243,2.13706521805475,0.0031461715698242188
1649440553.3423336,2.1386902676473283,0.0031599998474121094
1649440553.3523254,2.136190191351054,0.003154754638671875
1649440553.36232,2.1418153630176704,0.003144979476928711
1649440553.3723106,2.137190221869564,0.003134489059448242
1649440553.3823137,2.1380652485732594,0.003139495849609375
1649440553.3923442,2.144940458388012,0.0031642913818359375
1649440553.401958,2.1478155461287267,0.0027458667755126953
1649440553.4119573,2.138815271462142,0.002744913101196289
1649440553.4219549,2.1435654164250617,0.002744913101196289
1649440553.431964,2.1521906796472057,0.0027527809143066406
1649440553.442012,2.145940488906522,0.0027697086334228516
1649440553.4524333,2.1510656453138832,0.0031976699829101562
1649440553.4620173,2.153940733054598,0.0027914047241210938
1649440553.4719784,2.1591908932767723,0.0027649402618408203
1649440553.4819636,2.1603159276100956,0.002753734588623047
1649440553.491968,2.1654410840174565,0.0027565956115722656
1649440553.501866,2.1695662099063084,0.002669811248779297
1649440553.5118725,2.169691213721122,0.002677440643310547
1649440553.5218573,2.172316293832209,0.002664804458618164
1649440553.5318735,2.175816400646992,0.0026769638061523438
1649440553.5418673,2.1840666524246957,0.0026750564575195312
1649440553.5518816,2.188691793572802,0.002683877944946289
1649440553.5618672,2.1779414654988254,0.0026726722717285156
1649440553.5718675,2.1839416486098817,0.002669811248779297
1649440553.5818665,2.19031684316538,0.0026700496673583984
1649440553.591867,2.1718162785729542,0.0026688575744628906
1649440553.6018672,2.1780664693136385,0.0026733875274658203
1649440553.6118894,2.1840666524246957,0.0026879310607910156
1649440553.6218746,2.193441938535722,0.0026803016662597656
1649440553.6318715,2.180441541795099,0.0026750564575195312
1649440553.642436,2.193691946165349,0.0032389163970947266
1649440553.6518712,2.192566911832026,0.002674579620361328
1649440553.661866,2.1988171025727103,0.002671480178833008
1649440553.6718748,2.201817194128239,0.0026748180389404297
1649440553.6818728,2.2006921597949156,0.002676725387573242
1649440553.6918738,2.2006921597949156,0.002674102783203125
1649440553.7018673,2.2026922208319344,0.0026726722717285156
1649440553.711878,2.2039422589800712,0.0026786327362060547
1649440553.7218628,2.211942503128147,0.002670764923095703
1649440553.7318704,2.206192327646718,0.0026705265045166016
1649440553.7419527,2.2106924649800104,0.0027523040771484375
1649440553.7518702,2.2130675374614706,0.0026700496673583984
1649440553.7618675,2.2126925260170296,0.002671957015991211
1649440553.7718647,2.224817896053957,0.002665996551513672
1649440553.7818646,2.1989421063875243,0.002667665481567383
1649440553.7920277,2.208817407757805,0.002827882766723633
1649440553.8019292,2.2079423810541092,0.002704143524169922
1649440553.8118742,2.2071923581652273,0.0026788711547851562
1649440553.8218708,2.2093174230170596,0.002673625946044922
1649440553.8318706,2.2099424420911284,0.002674579620361328
1649440553.841887,2.212317514572588,0.002695798873901367
1649440553.8518727,2.215317606128117,0.0026760101318359375
1649440553.8618765,2.21644264046144,0.002680063247680664
1649440553.8718684,2.22119278542436,0.0026726722717285156
1649440553.8818758,2.223192846461379,0.0026788711547851562
1649440553.8919826,2.225442915128025,0.002736806869506836
1649440553.9025064,2.233818170720542,0.003293752670288086
1649440553.9124346,2.222692831202124,0.0032541751861572266
1649440553.9224432,2.229568041016877,0.003254413604736328
1649440553.9324481,2.232193121127964,0.0032663345336914062
1649440553.9424648,2.23781829279458,0.0032782554626464844
1649440553.9524229,2.220692770165105,0.003240346908569336
1649440553.962435,2.2258179265724665,0.0032501220703125
1649440553.9724696,2.2240678731650747,0.0032682418823242188
1649440553.982563,2.223067842646565,0.0033583641052246094
1649440553.992484,2.2280679952391127,0.0032777786254882812
1649440554.001961,2.2293180333872495,0.002753019332885742
1649440554.0119596,2.22119278542436,0.00274658203125
1649440554.0219522,2.2265679494613484,0.002740144729614258
1649440554.0319626,2.2209427777947326,0.002748727798461914
1649440554.04195,2.224192876979888,0.0027403831481933594
1649440554.051964,2.22119278542436,0.0027496814727783203
1649440554.061947,2.22356785790582,0.0027382373809814453
1649440554.071951,2.2196927396465957,0.0027379989624023438
1649440554.082004,2.2170676595355086,0.00279998779296875
1649440554.0919771,2.2098174382763145,0.0027625560760498047
1649440554.1019473,2.2049422894985806,0.0027396678924560547
1649440554.1119606,2.200942167424543,0.0027458667755126953
1649440554.121944,2.1995671254615923,0.0027358531951904297
1649440554.1319625,2.2008171636097296,0.0027534961700439453
1649440554.1419754,2.1991921140171513,0.002766847610473633
1649440554.1519644,2.1954419995727408,0.002749919891357422
1649440554.1619482,2.1945669728690453,0.002737283706665039
1649440554.1719475,2.1960670186468096,0.0027353763580322266
1649440554.1819484,2.1966920377208776,0.0027387142181396484
1649440554.1919558,2.1964420300912506,0.0027403831481933594
1649440554.2019513,2.1940669576097904,0.0027396678924560547
1649440554.211957,2.194316965239418,0.0027413368225097656
1649440554.2219505,2.1909418622394483,0.0027434825897216797
1649440554.2320683,2.1900668355357524,0.0028557777404785156
1649440554.2420387,2.1900668355357524,0.0028047561645507812
1649440554.2525904,2.1920668965727717,0.0033757686614990234
1649440554.2619462,2.189566820276498,0.002739429473876953
1649440554.272383,2.192191900387585,0.003154754638671875
1649440554.2829688,2.1940669576097904,0.003213167190551758
1649440554.2931764,2.192941923276467,0.003343343734741211
1649440554.3027618,2.1920668965727717,0.0029850006103515625
1649440554.312806,2.1913168736838893,0.0027794837951660156
1649440554.322414,2.189066805017243,0.0028264522552490234
1649440554.332424,2.1879417706839197,0.0028264522552490234
1649440554.3427515,2.188191778313547,0.0029854774475097656
1649440554.3524146,2.189441816461684,0.0028295516967773438
1649440554.3624377,2.1879417706839197,0.002835512161254883
1649440554.3724203,2.189441816461684,0.002819061279296875
1649440554.3824046,2.1879417706839197,0.002809286117553711
1649440554.3930585,2.1878167668691058,0.003448009490966797
1649440554.4023113,2.1880667744987337,0.0027463436126708984
1649440554.4129922,2.188191778313547,0.003381967544555664
1649440554.422954,2.1884417859431746,0.0033600330352783203
1649440554.4328487,2.1879417706839197,0.0036475658416748047
1649440554.4428337,2.1878167668691058,0.003638744354248047
1649440554.4528701,2.189441816461684,0.003637552261352539
1649440554.462829,2.187066743980224,0.003635406494140625
1649440554.4728503,2.1883167821283607,0.003650665283203125
1649440554.4828446,2.1876917630542927,0.0036530494689941406
1649440554.4928477,2.1880667744987337,0.0036478042602539062
1649440554.5029552,2.1873167516098517,0.003660917282104492
1649440554.5129118,2.1901918393505664,0.0037009716033935547
1649440554.5222847,2.1879417706839197,0.0030775070190429688
1649440554.532913,2.189441816461684,0.003699779510498047
1649440554.5433862,2.18931681264687,0.004181861877441406
1649440554.5522988,2.1880667744987337,0.0031015872955322266
1649440554.5623083,2.189066805017243,0.0031020641326904297
1649440554.5723143,2.1883167821283607,0.0031020641326904297
1649440554.582287,2.188691793572802,0.003083944320678711
1649440554.592296,2.1880667744987337,0.003087282180786133
1649440554.6023753,2.18931681264687,0.003113269805908203
1649440554.6129742,2.189066805017243,0.003733396530151367
1649440554.622925,2.1900668355357524,0.0037174224853515625
1649440554.6329336,2.188691793572802,0.003720998764038086
1649440554.6429105,2.1888167973876156,0.003703594207763672
1649440554.6529243,2.188191778313547,0.0037136077880859375
1649440554.662915,2.189066805017243,0.003706216812133789
1649440554.6729257,2.1884417859431746,0.0037109851837158203
1649440554.6829238,2.188941801202429,0.0037190914154052734
1649440554.6922922,2.189066805017243,0.0030841827392578125
1649440554.70228,2.189441816461684,0.0030739307403564453
1649440554.71292,2.1906918546098213,0.003710031509399414
1649440554.722291,2.1883167821283607,0.0030863285064697266
1649440554.7329175,2.1884417859431746,0.0037050247192382812
1649440554.743386,2.1880667744987337,0.00418400764465332
1649440554.752302,2.189941831720939,0.0030908584594726562
1649440554.762302,2.1866917325357833,0.0030989646911621094
1649440554.7723062,2.1869417401654103,0.003094911575317383
1649440554.7823048,2.1844416638691366,0.0030972957611083984
1649440554.792307,2.185066682943205,0.0030975341796875
1649440554.8023088,2.184816675313578,0.00310516357421875
1649440554.8128655,2.183191625721,0.0036547183990478516
1649440554.822463,2.181191564683981,0.003259420394897461
1649440554.8323104,2.1796915189062167,0.0030977725982666016
1649440554.8429184,2.174816370128483,0.003710031509399414
1649440554.8523057,2.172191290017395,0.003096342086791992
1649440554.8623629,2.1695662099063084,0.003114938735961914
1649440554.8729331,2.1655660878322704,0.0037212371826171875
1649440554.8822935,2.16181597338786,0.003087759017944336
1649440554.8922908,2.156940824610126,0.0030794143676757812
1649440554.9022932,2.153815729239784,0.003087282180786133
1649440554.9129164,2.14894058046205,0.003703594207763672
1649440554.9222882,2.1456904812768944,0.003081083297729492
1649440554.932922,2.1425653859065523,0.0037145614624023438
1649440554.9433956,2.139940305795465,0.004189014434814453
1649440554.9522946,2.1353151646473587,0.0030858516693115234
1649440554.9622912,2.132065065462203,0.0030884742736816406
1649440554.9723077,2.1278149357585376,0.0030984878540039062
1649440554.9823022,2.1258148747215184,0.0030968189239501953
1649440554.9923189,2.1248148442030095,0.0031099319458007812
1649440555.002919,2.124189825128941,0.0037157535552978516
1649440555.0129168,2.123314798425245,0.0037055015563964844
1649440555.0229158,2.123689809869686,0.0037136077880859375
1649440555.03292,2.1259398785363324,0.003712177276611328
1649440555.0428996,2.1245648365733816,0.003694295883178711
1649440555.0529137,2.123314798425245,0.0037000179290771484
1649440555.062919,2.1215647450178534,0.0037124156951904297
1649440555.072374,2.1208147221289715,0.0031087398529052734
1649440555.0825326,2.119439680166021,0.0032525062561035156
1649440555.0924907,2.127689931943724,0.0032401084899902344
1649440555.102459,2.1290649739066745,0.003213644027709961
1649440555.1128848,2.1306900234992523,0.0036525726318359375
1649440555.122059,2.1294399853511154,0.002825021743774414
1649440555.1319747,2.134065126499222,0.002745389938354492
1649440555.1419463,2.13706521805475,0.0027463436126708984
1649440555.1518705,2.145065462202826,0.0026810169219970703
1649440555.161934,2.1519406720175787,0.0026988983154296875
1649440555.1718423,2.153940733054598,0.002651214599609375
1649440555.1818748,2.15469075594348,0.0026798248291015625
1649440555.191907,2.1549407635731073,0.002714395523071289
1649440555.2018797,2.153565721610157,0.002667665481567383
1649440555.212503,2.157440839869381,0.003304004669189453
1649440555.2224867,2.1590658894619588,0.003304719924926758
1649440555.232815,2.163691030610065,0.0036199092864990234
1649440555.2420275,2.1619409772026734,0.002825021743774414
1649440555.2522914,2.1608159428693505,0.0030918121337890625
1649440555.262018,2.1590658894619588,0.0028264522552490234
1649440555.2724762,2.158315866573077,0.0032758712768554688
1649440555.2825632,2.154190740684225,0.0033614635467529297
1649440555.2924376,2.1524406872768336,0.0032432079315185547
1649440555.3019264,2.1501906186101873,0.002725839614868164
1649440555.3119686,2.1473155308694722,0.002766847610473633
1649440555.3251207,2.1461904965361494,0.005911588668823242
1649440555.331993,2.1439404278695027,0.0027849674224853516
1649440555.3420043,2.1431904049806207,0.002790212631225586
1649440555.351954,2.141190343943602,0.0027475357055664062
1649440555.3619947,2.1413153477584155,0.002766847610473633
1649440555.3720007,2.1396902981658377,0.002767324447631836
1649440555.381962,2.1398153019806516,0.0027496814727783203
1649440555.4197779,2.1395652943510237,0.0305633544921875
1649440555.4232326,2.1433154087954347,0.002657175064086914
1649440555.4272907,2.144315439313944,0.003313779830932617
1649440555.4313061,2.144565446943571,0.0032770633697509766
1649440555.4353182,2.144315439313944,0.0032863616943359375
1649440555.4424567,2.143440412610248,0.003268003463745117
1649440555.4524827,2.14044032105472,0.0032777786254882812
1649440555.4624598,2.1385652638325143,0.0032634735107421875
1649440555.4724388,2.136315195165868,0.003254413604736328
1649440555.4824562,2.134440137943663,0.003263235092163086
1649440555.492469,2.1346901455732903,0.0032677650451660156
1649440555.5024602,2.134440137943663,0.003266572952270508
1649440555.5118423,2.134440137943663,0.0026412010192871094
1649440555.522459,2.1338151188695944,0.003265857696533203
1649440555.5324662,2.131565050202948,0.0032672882080078125
1649440555.5424886,2.1298149967955564,0.0032939910888671875
1649440555.5524466,2.1293149815363015,0.0032622814178466797
1649440555.5624545,2.1278149357585376,0.0032613277435302734
1649440555.5724545,2.1274399243140967,0.003253936767578125
1649440555.5824497,2.123939817499313,0.0032536983489990234
1649440555.5924585,2.122564775536363,0.0032579898834228516
1649440555.6025367,2.1203147068697166,0.0033416748046875
1649440555.6119459,2.117314615314188,0.002739429473876953
1649440555.6220083,2.117939634388257,0.0027649402618408203
1649440555.6319737,2.1165645924253056,0.0027534961700439453
1649440555.6419528,2.11431452375866,0.002743244171142578
1649440555.6519587,2.111689443647572,0.0027458667755126953
1649440555.6619577,2.111439436017945,0.0027506351470947266
1649440555.6719506,2.1083143406476026,0.0027437210083007812
1649440555.6819654,2.1071893063142797,0.002748250961303711
1649440555.6919591,2.105314249092074,0.002747058868408203
1649440555.7019517,2.1064392834253973,0.0027458667755126953
1649440555.71197,2.1066892910550252,0.0027604103088378906
1649440555.7219496,2.1065642872402113,0.0027418136596679688
1649440555.7319489,2.1069392986846522,0.0027391910552978516
1649440555.7419758,2.109064363536485,0.0027658939361572266
1649440555.7519586,2.108939359721671,0.002746105194091797
1649440555.761944,2.109439374980926,0.0027353763580322266
1649440555.771946,2.110314401684622,0.002736330032348633
1649440555.7819364,2.1120644550920136,0.002729177474975586
1649440555.7919478,2.1115644398327587,0.002738475799560547
1649440555.8019547,2.1106894131290628,0.00274658203125
1649440555.812022,2.110314401684622,0.002750396728515625
1649440555.821949,2.1085643482772305,0.0027413368225097656
1649440555.8319623,2.110314401684622,0.00274658203125
1649440555.8419485,2.109064363536485,0.002740621566772461
1649440555.8519619,2.109939390240181,0.0027489662170410156
1649440555.8619494,2.109189367351299,0.002741098403930664
1649440555.8719585,2.109314371166112,0.0027451515197753906
1649440555.8819432,2.1088143559068575,0.002736330032348633
1649440555.8924806,2.10956437879574,0.0032684803009033203
1649440555.9019556,2.1084393444624165,0.002747774124145508
1649440555.9119549,2.108939359721671,0.002743959426879883
1649440555.9219522,2.109689382610553,0.002742290496826172
1649440555.9319491,2.1111894283883172,0.002739429473876953
1649440555.9419603,2.1109394207586902,0.0027539730072021484
1649440555.9519506,2.1111894283883172,0.002735614776611328
1649440555.9619367,2.1123144627216406,0.002725839614868164
1649440555.9719508,2.1119394512771996,0.0027494430541992188
1649440555.9819567,2.111814447462386,0.00274658203125
1649440555.9919586,2.1105644093142493,0.0027446746826171875
1649440556.0019505,2.112189458906827,0.002743959426879883
1649440556.011986,2.1115644398327587,0.0027692317962646484
1649440556.0220203,2.1115644398327587,0.0027763843536376953
1649440556.0320005,2.111439436017945,0.0027642250061035156
1649440556.0419776,2.1104394054994353,0.0027625560760498047
1649440556.0519612,2.1079393292031616,0.0027458667755126953
1649440556.06195,2.1075643177587207,0.002740144729614258
1649440556.0719607,2.107064302499466,0.0027434825897216797
1649440556.081947,2.108939359721671,0.0027396678924560547
1649440556.0919626,2.107814325388348,0.002754688262939453
1649440556.101954,2.105939268166143,0.0027456283569335938
1649440556.1119661,2.1075643177587207,0.002750873565673828
1649440556.1218596,2.10956437879574,0.0026624202728271484
1649440556.131867,2.111689443647572,0.002669811248779297
1649440556.1418748,2.1104394054994353,0.002679586410522461
1649440556.15186,2.112189458906827,0.0026602745056152344
1649440556.1619134,2.114189519943846,0.0027184486389160156
1649440556.1718702,2.115814569536424,0.002672910690307617
1649440556.1818604,2.1144395275734733,0.002665281295776367
1649440556.1919568,2.1163145847956786,0.0027587413787841797
1649440556.2018712,2.11568956572161,0.0026807785034179688
1649440556.211867,2.1175646229438154,0.002675294876098633
1649440556.2219467,2.11568956572161,0.002743244171142578
1649440556.2319646,2.115314554277169,0.0027556419372558594
1649440556.241937,2.1146895352031008,0.0027320384979248047
1649440556.2519653,2.1170646076845605,0.002758502960205078
1649440556.261939,2.117314615314188,0.0027379989624023438
1649440556.2719603,2.119314676351207,0.002752542495727539
1649440556.2820067,2.1234398022400587,0.002767324447631836
1649440556.2919564,2.1249398480178225,0.0027506351470947266
1649440556.3019433,2.127189916684469,0.0027413368225097656
1649440556.3120687,2.1293149815363015,0.002861499786376953
1649440556.321986,2.132065065462203,0.0027832984924316406
1649440556.3319669,2.1350651570177317,0.0027511119842529297
1649440556.3419735,2.136565202795495,0.0027654170989990234
1649440556.3519642,2.1383152562028873,0.002750873565673828
1649440556.3619423,2.1393152867213967,0.0027332305908203125
1649440556.3719566,2.1386902676473283,0.002740144729614258
1649440556.3819366,2.1400653096102786,0.0027289390563964844
1649440556.391951,2.1386902676473283,0.002735614776611328
1649440556.401943,2.1376902371288184,0.0027337074279785156
1649440556.4119513,2.136690206610309,0.002736806869506836
1649440556.421984,2.137190221869564,0.0027570724487304688
1649440556.4319572,2.1373152256843775,0.0027387142181396484
1649440556.4420097,2.1356901760917997,0.0027780532836914062
1649440556.451979,2.13706521805475,0.0027480125427246094
1649440556.4619489,2.137565233314005,0.0027420520782470703
1649440556.4719484,2.137190221869564,0.0027451515197753906
1649440556.4819515,2.136690206610309,0.0027472972869873047
1649440556.491951,2.1374402294991914,0.002750396728515625
1649440556.5019536,2.136690206610309,0.0027468204498291016
1649440556.511947,2.1400653096102786,0.002747058868408203
1649440556.521951,2.1395652943510237,0.0027451515197753906
1649440556.5325606,2.1386902676473283,0.0033621788024902344
1649440556.5419745,2.1379402447584464,0.002765178680419922
1649440556.5519316,2.137565233314005,0.0027298927307128906
1649440556.5619464,2.1380652485732594,0.0027387142181396484
1649440556.5719368,2.136565202795495,0.002735614776611328
1649440556.5819497,2.136815210425123,0.0027451515197753906
1649440556.591931,2.137565233314005,0.0027282238006591797
1649440556.6019483,2.1393152867213967,0.0027437210083007812
1649440556.6119294,2.136815210425123,0.0027260780334472656
1649440556.6219628,2.1380652485732594,0.0027573108673095703
1649440556.6319358,2.137190221869564,0.0027348995208740234
1649440556.641949,2.1389402752769557,0.0027391910552978516
1649440556.6519313,2.14044032105472,0.002727031707763672
1649440556.6619458,2.144690450758385,0.0027413368225097656
1649440556.671938,2.148565569017609,0.002735137939453125
1649440556.6819725,2.153565721610157,0.002774477005004883
1649440556.6919525,2.1570658284249395,0.0027494430541992188
1649440556.7019503,2.1601909237952817,0.002744913101196289
1649440556.7119472,2.1619409772026734,0.0027458667755126953
1649440556.7219543,2.165691091647084,0.0027472972869873047
1649440556.7319436,2.166691122165594,0.0027387142181396484
1649440556.7420418,2.166191106906339,0.0028007030487060547
1649440556.7520971,2.165691091647084,0.0028548240661621094
1649440556.7619581,2.1649410687582016,0.0027518272399902344
1649440556.7719483,2.1659410992767114,0.002740144729614258
1649440556.781941,2.1659410992767114,0.0027382373809814453
1649440556.7919524,2.1681911679433576,0.0027446746826171875
1649440556.8019288,2.168441175572985,0.002729177474975586
1649440556.8119512,2.170191228980377,0.0027430057525634766
1649440556.8219366,2.169691213721122,0.002735137939453125
1649440556.831953,2.170066225165563,0.0027456283569335938
1649440556.8419418,2.172066286202582,0.002740144729614258
1649440556.851956,2.1735663319803464,0.002750396728515625
1649440556.8619294,2.172441297647023,0.0027306079864501953
1649440556.871936,2.172191290017395,0.002735137939453125
1649440556.8819294,2.1714412671285133,0.0027303695678710938
1649440556.8919435,2.170941251869259,0.0027403831481933594
1649440556.9019413,2.1711912594988863,0.002743244171142578
1649440556.9119494,2.1703162327951904,0.002748250961303711
