pi_time,voltage,test_duration
1649267682.046842,2.516826807458724,0.0027887821197509766
1649267682.0571177,2.5153267616809596,0.0030486583709716797
1649267682.067178,2.517076815088351,0.003101825714111328
1649267682.0771327,2.5149517502365186,0.003044605255126953
1649267682.0873547,2.5162017883846555,0.0032699108123779297
1649267682.0979118,2.5159517807550276,0.003858804702758789
1649267682.106625,2.5142017273476363,0.002567768096923828
1649267682.1172528,2.5134517044587543,0.003181934356689453
1649267682.127233,2.5160767845698415,0.0031671524047851562
1649267682.136647,2.5159517807550276,0.002579212188720703
1649267682.1473367,2.5158267769402145,0.0032548904418945312
1649267682.157245,2.51670180364391,0.003176450729370117
1649267682.1672406,2.5162017883846555,0.0031714439392089844
1649267682.1772342,2.5158267769402145,0.0031671524047851562
1649267682.1872633,2.5152017578661456,0.0031969547271728516
1649267682.197219,2.516826807458724,0.0031528472900390625
1649267682.2067227,2.514826746421705,0.0026569366455078125
1649267682.2173204,2.518326853236488,0.0032634735107421875
1649267682.227299,2.516326792199469,0.003244161605834961
1649267682.2373474,2.5155767693105866,0.003293275833129883
1649267682.2473078,2.514576738792077,0.003252744674682617
1649267682.2573016,2.5162017883846555,0.003247499465942383
1649267682.2672968,2.51670180364391,0.0032439231872558594
1649267682.277336,2.5158267769402145,0.0032815933227539062
1649267682.2872999,2.517076815088351,0.003246307373046875
1649267682.297303,2.5162017883846555,0.0032482147216796875
1649267682.3073316,2.516326792199469,0.003276348114013672
1649267682.317322,2.5162017883846555,0.0032684803009033203
1649267682.3273005,2.5160767845698415,0.003246784210205078
1649267682.3372936,2.5159517807550276,0.0032405853271484375
1649267682.3467321,2.5169518112735374,0.0026645660400390625
1649267682.3567803,2.516326792199469,0.002694845199584961
1649267682.36731,2.5169518112735374,0.0032536983489990234
1649267682.3772902,2.5153267616809596,0.0032358169555664062
1649267682.3873172,2.5177018341624198,0.0032608509063720703
1649267682.3971255,2.516826807458724,0.003069162368774414
1649267682.4074326,2.517076815088351,0.003376007080078125
1649267682.4172626,2.5152017578661456,0.0032088756561279297
1649267682.4272218,2.5152017578661456,0.003172636032104492
1649267682.4372275,2.517201818903165,0.0031609535217285156
1649267682.4472196,2.5152017578661456,0.003155946731567383
1649267682.4572184,2.5160767845698415,0.003152608871459961
1649267682.4672108,2.5152017578661456,0.0031464099884033203
1649267682.477217,2.518576860866115,0.0031528472900390625
1649267682.4872115,2.5157017731254006,0.003147125244140625
1649267682.4972177,2.516326792199469,0.0031533241271972656
1649267682.5073195,2.5152017578661456,0.0032546520233154297
1649267682.5172994,2.516826807458724,0.0032455921173095703
1649267682.5272946,2.5159517807550276,0.0032422542572021484
1649267682.5373032,2.5165767998290964,0.0032503604888916016
1649267682.5467029,2.5154517654957735,0.002638578414916992
1649267682.5573077,2.517451826532792,0.003252744674682617
1649267682.569648,2.5149517502365186,0.00559234619140625
1649267682.5773087,2.5169518112735374,0.003215789794921875
1649267682.5871985,2.515076754051332,0.003107309341430664
1649267682.5971112,2.5169518112735374,0.002883434295654297
1649267682.6067688,2.5162017883846555,0.0026824474334716797
1649267682.6172876,2.5158267769402145,0.0031862258911132812
1649267682.627201,2.5162017883846555,0.0031478404998779297
1649267682.6372325,2.5157017731254006,0.0031790733337402344
1649267682.6471965,2.512826685384686,0.0031442642211914062
1649267682.657211,2.516826807458724,0.0031583309173583984
1649267682.6668217,2.51432673116245,0.0027642250061035156
1649267682.6767986,2.5169518112735374,0.0027418136596679688
1649267682.6872458,2.5165767998290964,0.003190755844116211
1649267682.6966822,2.517076815088351,0.0026276111602783203
1649267682.7073824,2.513701712088382,0.003210783004760742
1649267682.7174368,2.5158267769402145,0.00337982177734375
1649267682.7272303,2.516326792199469,0.003175497055053711
1649267682.737341,2.5169518112735374,0.0032868385314941406
1649267682.7468367,2.5142017273476363,0.002738475799560547
1649267682.7570124,2.517576830347606,0.0028994083404541016
1649267682.7674246,2.514701742606891,0.0033195018768310547
1649267682.7767744,2.5164517960142825,0.002672910690307617
1649267682.786871,2.51670180364391,0.002767324447631836
1649267682.7968433,2.51670180364391,0.0027341842651367188
1649267682.8069594,2.5157017731254006,0.0028145313262939453
1649267682.8169022,2.5157017731254006,0.002802610397338867
1649267682.826737,2.515076754051332,0.0026552677154541016
1649267682.8373754,2.5152017578661456,0.0032825469970703125
1649267682.8473864,2.517326822717979,0.0032541751861572266
1649267682.8568108,2.5165767998290964,0.0027027130126953125
1649267682.8667805,2.5153267616809596,0.002661466598510742
1649267682.876911,2.5140767235328227,0.0027916431427001953
1649267682.8869135,2.514451734977264,0.0028047561645507812
1649267682.8967795,2.5160767845698415,0.0026679039001464844
1649267682.906876,2.5149517502365186,0.0027740001678466797
1649267682.9171836,2.5165767998290964,0.0031125545501708984
1649267682.927423,2.5177018341624198,0.003351926803588867
1649267682.9386394,2.5164517960142825,0.004563331604003906
1649267682.947225,2.5158267769402145,0.003103494644165039
1649267682.9574392,2.5165767998290964,0.0033752918243408203
1649267682.96718,2.5153267616809596,0.0031270980834960938
1649267682.9766967,2.5157017731254006,0.002644777297973633
1649267682.9869435,2.5162017883846555,0.0028967857360839844
1649267682.9971778,2.514826746421705,0.0031273365020751953
1649267683.007162,2.5169518112735374,0.003096342086791992
1649267683.016972,2.5149517502365186,0.0029191970825195312
1649267683.0278563,2.5152017578661456,0.003797769546508789
1649267683.0371497,2.5157017731254006,0.00308990478515625
1649267683.0471435,2.5152017578661456,0.0030875205993652344
1649267683.0567508,2.5158267769402145,0.0026884078979492188
1649267683.0671527,2.5157017731254006,0.0030956268310546875
1649267683.0771542,2.5154517654957735,0.0030968189239501953
1649267683.087155,2.517076815088351,0.0030972957611083984
1649267683.0971522,2.5157017731254006,0.0030875205993652344
1649267683.1071718,2.5160767845698415,0.003110170364379883
1649267683.1171505,2.51670180364391,0.003087759017944336
1649267683.1271431,2.514451734977264,0.0030825138092041016
1649267683.137129,2.516826807458724,0.003073453903198242
1649267683.147141,2.516326792199469,0.0030875205993652344
1649267683.1571333,2.517201818903165,0.0030727386474609375
1649267683.1671712,2.514701742606891,0.0031037330627441406
1649267683.1771262,2.5180768456068607,0.003063201904296875
1649267683.1871343,2.5149517502365186,0.003080129623413086
1649267683.1971319,2.51670180364391,0.003074169158935547
1649267683.207163,2.517076815088351,0.0031065940856933594
1649267683.217133,2.516326792199469,0.0030639171600341797
1649267683.2271225,2.5164517960142825,0.0030639171600341797
1649267683.237131,2.5160767845698415,0.003075122833251953
1649267683.2471254,2.5164517960142825,0.0030646324157714844
1649267683.2571251,2.51670180364391,0.0030672550201416016
1649267683.2671409,2.516326792199469,0.0030744075775146484
1649267683.277127,2.51670180364391,0.003067493438720703
1649267683.2871323,2.5157017731254006,0.0030820369720458984
1649267683.297168,2.5192018799401836,0.0031156539916992188
1649267683.3071203,2.514701742606891,0.003066539764404297
1649267683.3168895,2.516326792199469,0.0028438568115234375
1649267683.3269408,2.51432673116245,0.002882242202758789
1649267683.3368647,2.5155767693105866,0.0028259754180908203
1649267683.3468997,2.5154517654957735,0.002852916717529297
1649267683.356861,2.5159517807550276,0.002818584442138672
1649267683.3668516,2.5159517807550276,0.002811908721923828
1649267683.376882,2.5149517502365186,0.002840757369995117
1649267683.3868887,2.514826746421705,0.0028486251831054688
1649267683.3968577,2.514576738792077,0.0028145313262939453
1649267683.406854,2.5149517502365186,0.0028133392333984375
1649267683.4168935,2.5152017578661456,0.0028481483459472656
1649267683.4267101,2.516326792199469,0.0026688575744628906
1649267683.4369972,2.5155767693105866,0.002954244613647461
1649267683.446875,2.5164517960142825,0.0028336048126220703
1649267683.4568594,2.5153267616809596,0.002816915512084961
1649267683.4670944,2.514576738792077,0.0030405521392822266
1649267683.4769304,2.5164517960142825,0.002877950668334961
1649267683.4868574,2.5140767235328227,0.0028133392333984375
1649267683.496857,2.515076754051332,0.002811908721923828
1649267683.5068462,2.516826807458724,0.0028040409088134766
1649267683.5168622,2.5165767998290964,0.0028192996978759766
1649267683.5268722,2.5158267769402145,0.002828359603881836
1649267683.5369325,2.515076754051332,0.0028765201568603516
1649267683.546892,2.51670180364391,0.0028493404388427734
1649267683.5568614,2.5155767693105866,0.0028214454650878906
1649267683.566849,2.5169518112735374,0.0028073787689208984
1649267683.5768511,2.51432673116245,0.0028090476989746094
1649267683.586876,2.5159517807550276,0.0028352737426757812
1649267683.5968547,2.514826746421705,0.002812623977661133
1649267683.6069238,2.5164517960142825,0.002875804901123047
1649267683.616894,2.514826746421705,0.002848386764526367
1649267683.6271129,2.514826746421705,0.0030622482299804688
1649267683.6371734,2.5165767998290964,0.0031173229217529297
1649267683.6471138,2.5162017883846555,0.0030579566955566406
1649267683.6571312,2.517076815088351,0.003078937530517578
1649267683.6675127,2.5158267769402145,0.0031354427337646484
1649267683.6771054,2.51432673116245,0.003051280975341797
1649267683.687107,2.516826807458724,0.0030570030212402344
1649267683.6971035,2.5160767845698415,0.0030548572540283203
1649267683.707097,2.5162017883846555,0.003047466278076172
1649267683.7172291,2.516326792199469,0.003173828125
1649267683.7273037,2.5165767998290964,0.0032501220703125
1649267683.7372944,2.5149517502365186,0.003241300582885742
1649267683.7467036,2.516826807458724,0.0026383399963378906
1649267683.757296,2.5157017731254006,0.0032427310943603516
1649267683.7672834,2.5159517807550276,0.003232717514038086
1649267683.7772849,2.5164517960142825,0.003233671188354492
1649267683.787294,2.5164517960142825,0.0032427310943603516
1649267683.7972903,2.514576738792077,0.003238677978515625
1649267683.8072834,2.5160767845698415,0.0032317638397216797
1649267683.8173256,2.517326822717979,0.003272533416748047
1649267683.827293,2.5153267616809596,0.0032405853271484375
1649267683.8372867,2.5158267769402145,0.0032339096069335938
1649267683.847286,2.517076815088351,0.0032329559326171875
1649267683.8572862,2.516326792199469,0.0032346248626708984
1649267683.8672984,2.5158267769402145,0.0032455921173095703
1649267683.8772738,2.517326822717979,0.003223419189453125
1649267683.8872879,2.5142017273476363,0.003236055374145508
1649267683.8972867,2.5157017731254006,0.00323486328125
1649267683.9072788,2.5169518112735374,0.00322723388671875
1649267683.9173732,2.514826746421705,0.003274202346801758
1649267683.9273217,2.51670180364391,0.003265380859375
1649267683.937293,2.5162017883846555,0.003239870071411133
1649267683.9467003,2.5162017883846555,0.002635478973388672
1649267683.9572873,2.518701864680929,0.0032341480255126953
1649267683.9672785,2.5169518112735374,0.003226757049560547
1649267683.9772708,2.5162017883846555,0.003220081329345703
1649267683.9872904,2.5162017883846555,0.0032384395599365234
1649267683.997288,2.51670180364391,0.003237485885620117
1649267684.00729,2.517201818903165,0.003238677978515625
1649267684.0173287,2.5162017883846555,0.0032765865325927734
1649267684.027286,2.5164517960142825,0.0032334327697753906
1649267684.0372863,2.51670180364391,0.003234386444091797
1649267684.0472896,2.5155767693105866,0.0032379627227783203
1649267684.0572846,2.517576830347606,0.003233194351196289
1649267684.0672805,2.5154517654957735,0.0032296180725097656
1649267684.0772867,2.51432673116245,0.003236055374145508
1649267684.0872889,2.517076815088351,0.003236055374145508
1649267684.0972872,2.5164517960142825,0.0032346248626708984
1649267684.1066952,2.515076754051332,0.00263214111328125
1649267684.117305,2.5169518112735374,0.003252744674682617
1649267684.1272926,2.5153267616809596,0.0032396316528320312
1649267684.1372833,2.517326822717979,0.0032317638397216797
1649267684.1467013,2.5139517197180092,0.0026361942291259766
1649267684.1573257,2.51670180364391,0.003268718719482422
1649267684.1673026,2.51670180364391,0.0032491683959960938
1649267684.177284,2.5155767693105866,0.003229856491088867
1649267684.187291,2.5160767845698415,0.003238677978515625
1649267684.1972811,2.5154517654957735,0.0032281875610351562
1649267684.2072835,2.517201818903165,0.003232240676879883
1649267684.2172782,2.517576830347606,0.003226757049560547
1649267684.226735,2.51670180364391,0.0026733875274658203
1649267684.2367332,2.51670180364391,0.0026710033416748047
1649267684.2467253,2.5165767998290964,0.002662181854248047
1649267684.2567444,2.515076754051332,0.0026819705963134766
1649267684.2667325,2.517951841792047,0.002670764923095703
1649267684.2767258,2.5160767845698415,0.0026628971099853516
1649267684.2867277,2.515076754051332,0.0026650428771972656
1649267684.2967453,2.514701742606891,0.002680540084838867
1649267684.3068414,2.51670180364391,0.0027565956115722656
1649267684.3167624,2.5160767845698415,0.002691507339477539
1649267684.326751,2.51432673116245,0.0026803016662597656
1649267684.3367472,2.5165767998290964,0.002678394317626953
1649267684.3468027,2.5149517502365186,0.0027239322662353516
1649267684.3567677,2.5162017883846555,0.002696514129638672
1649267684.3667874,2.5155767693105866,0.0027217864990234375
1649267684.3767533,2.514701742606891,0.0026819705963134766
1649267684.3867495,2.5164517960142825,0.002680063247680664
1649267684.3967452,2.516326792199469,0.0026764869689941406
1649267684.4067333,2.5165767998290964,0.0026650428771972656
1649267684.4168754,2.516826807458724,0.0027894973754882812
1649267684.426994,2.5169518112735374,0.0027008056640625
1649267684.4373171,2.5164517960142825,0.0032622814178466797
1649267684.4473076,2.5164517960142825,0.0032541751861572266
1649267684.4578664,2.5169518112735374,0.0038144588470458984
1649267684.467299,2.5178268379772333,0.0032444000244140625
1649267684.4773076,2.51670180364391,0.0032563209533691406
1649267684.4872892,2.5162017883846555,0.0032367706298828125
1649267684.497284,2.5160767845698415,0.0032320022583007812
1649267684.5069432,2.514826746421705,0.0028896331787109375
1649267684.517317,2.517076815088351,0.0032625198364257812
1649267684.527319,2.516326792199469,0.0032417774200439453
1649267684.5372956,2.517326822717979,0.0032432079315185547
1649267684.546699,2.5180768456068607,0.002634286880493164
1649267684.5572863,2.5157017731254006,0.003233671188354492
1649267684.5672724,2.514701742606891,0.0032210350036621094
1649267684.5772765,2.518951872310556,0.003226041793823242
1649267684.587295,2.5158267769402145,0.003244161605834961
1649267684.5972846,2.517451826532792,0.0032339096069335938
1649267684.6072853,2.5158267769402145,0.0032334327697753906
1649267684.6172884,2.5157017731254006,0.0032377243041992188
1649267684.627319,2.514826746421705,0.0032405853271484375
1649267684.6372833,2.5160767845698415,0.0032329559326171875
1649267684.6472976,2.5158267769402145,0.003244161605834961
1649267684.65729,2.518701864680929,0.003238201141357422
1649267684.667337,2.51670180364391,0.003278017044067383
1649267684.6767883,2.515076754051332,0.002687215805053711
1649267684.687323,2.5154517654957735,0.0032682418823242188
1649267684.6972919,2.5158267769402145,0.003240823745727539
1649267684.7072954,2.5165767998290964,0.0032422542572021484
1649267684.7172856,2.516826807458724,0.003234386444091797
1649267684.7273111,2.5152017578661456,0.0032324790954589844
1649267684.7372825,2.5165767998290964,0.003230571746826172
1649267684.7467098,2.517076815088351,0.002642393112182617
1649267684.757306,2.5162017883846555,0.0032536983489990234
1649267684.7672577,2.5153267616809596,0.003206491470336914
1649267684.7772598,2.5158267769402145,0.003209352493286133
1649267684.787274,2.5160767845698415,0.0032210350036621094
1649267684.7973156,2.516826807458724,0.003258943557739258
1649267684.8072677,2.517201818903165,0.003216266632080078
1649267684.8172853,2.514701742606891,0.0032334327697753906
1649267684.8273056,2.51670180364391,0.0032269954681396484
1649267684.8372667,2.5159517807550276,0.0032150745391845703
1649267684.8467286,2.5162017883846555,0.0026552677154541016
1649267684.8569787,2.515076754051332,0.0026922225952148438
1649267684.8673084,2.5165767998290964,0.003252744674682617
1649267684.8772876,2.517076815088351,0.0032355785369873047
1649267684.8872812,2.5154517654957735,0.003228902816772461
1649267684.8972726,2.5162017883846555,0.0032198429107666016
1649267684.9072788,2.5180768456068607,0.0032274723052978516
1649267684.917299,2.5159517807550276,0.003244638442993164
1649267684.9266741,2.517076815088351,0.0026204586029052734
1649267684.937282,2.516826807458724,0.0032300949096679688
1649267684.9473395,2.5157017731254006,0.003270864486694336
1649267684.9578466,2.517451826532792,0.0037949085235595703
1649267684.9672723,2.5182018494216742,0.0032215118408203125
1649267684.977261,2.5159517807550276,0.003210306167602539
1649267684.987243,2.51670180364391,0.0031936168670654297
1649267684.9972494,2.5153267616809596,0.003200054168701172
1649267685.0072649,2.518326853236488,0.0032143592834472656
1649267685.0172684,2.5162017883846555,0.0032181739807128906
1649267685.0272923,2.51670180364391,0.003240346908569336
1649267685.0372589,2.51432673116245,0.003209352493286133
1649267685.0473337,2.517451826532792,0.003272533416748047
1649267685.0572822,2.516826807458724,0.0032296180725097656
1649267685.0672612,2.5157017731254006,0.0032112598419189453
1649267685.0772698,2.5162017883846555,0.0032181739807128906
1649267685.087268,2.5155767693105866,0.003216981887817383
1649267685.0972686,2.5155767693105866,0.003216981887817383
1649267685.106771,2.516826807458724,0.002672433853149414
1649267685.1172895,2.5165767998290964,0.003236055374145508
1649267685.12731,2.51670180364391,0.0032558441162109375
1649267685.1372757,2.5177018341624198,0.003223419189453125
1649267685.1473584,2.514576738792077,0.003280162811279297
1649267685.1572726,2.5184518570513017,0.003220796585083008
1649267685.167251,2.516826807458724,0.003202676773071289
1649267685.177251,2.5178268379772333,0.003202199935913086
1649267685.1872606,2.5158267769402145,0.003211498260498047
1649267685.1967478,2.517951841792047,0.002665996551513672
1649267685.206781,2.516326792199469,0.002682924270629883
1649267685.2173042,2.5159517807550276,0.003248929977416992
1649267685.2273118,2.5152017578661456,0.0032601356506347656
1649267685.2372777,2.5164517960142825,0.003226041793823242
1649267685.247271,2.5157017731254006,0.0032198429107666016
1649267685.257291,2.51670180364391,0.0032396316528320312
1649267685.2672772,2.5152017578661456,0.003223896026611328
1649267685.2772684,2.516826807458724,0.0032172203063964844
1649267685.287271,2.51670180364391,0.0032193660736083984
1649267685.2972765,2.5160767845698415,0.0032241344451904297
1649267685.3067517,2.516826807458724,0.0026824474334716797
1649267685.3173323,2.5177018341624198,0.003269195556640625
1649267685.3272967,2.5182018494216742,0.0032396316528320312
1649267685.3373013,2.5159517807550276,0.003243684768676758
1649267685.3473482,2.5162017883846555,0.0032799243927001953
1649267685.3573012,2.5178268379772333,0.003242969512939453
1649267685.367281,2.5160767845698415,0.0032243728637695312
1649267685.377285,2.51670180364391,0.00322723388671875
1649267685.387286,2.5169518112735374,0.003227710723876953
1649267685.3967957,2.5169518112735374,0.002736330032348633
1649267685.4069946,2.5152017578661456,0.002876758575439453
1649267685.4167624,2.517326822717979,0.002680063247680664
1649267685.426758,2.51432673116245,0.0026810169219970703
1649267685.4368443,2.5177018341624198,0.002644777297973633
1649267685.4472673,2.5177018341624198,0.003200531005859375
1649267685.457309,2.517576830347606,0.003218412399291992
1649267685.4671378,2.5169518112735374,0.00307464599609375
1649267685.477163,2.5155767693105866,0.003103971481323242
1649267685.4871309,2.5169518112735374,0.00307464599609375
1649267685.497206,2.51670180364391,0.003152132034301758
1649267685.507182,2.517576830347606,0.003130197525024414
1649267685.5171938,2.514451734977264,0.0031363964080810547
1649267685.5271802,2.5160767845698415,0.0031180381774902344
1649267685.537304,2.5159517807550276,0.0032503604888916016
1649267685.5472927,2.5159517807550276,0.00322723388671875
1649267685.557211,2.5155767693105866,0.003158092498779297
1649267685.567181,2.5149517502365186,0.003130674362182617
1649267685.576732,2.514576738792077,0.002669811248779297
1649267685.5872297,2.5177018341624198,0.0031778812408447266
1649267685.597201,2.5162017883846555,0.0031511783599853516
1649267685.6072006,2.517576830347606,0.0031499862670898438
1649267685.6172004,2.518576860866115,0.003150463104248047
1649267685.6271956,2.517326822717979,0.0031461715698242188
1649267685.6366658,2.5169518112735374,0.0026154518127441406
1649267685.6472952,2.517451826532792,0.003237485885620117
1649267685.657281,2.5162017883846555,0.003223896026611328
1649267685.6673,2.5152017578661456,0.003242969512939453
1649267685.6772869,2.5162017883846555,0.003229856491088867
1649267685.6872916,2.518576860866115,0.003234386444091797
1649267685.6972742,2.517451826532792,0.0032176971435546875
1649267685.7072902,2.517451826532792,0.0032324790954589844
1649267685.716931,2.51670180364391,0.00284576416015625
1649267685.7273383,2.5162017883846555,0.0032749176025390625
1649267685.7373016,2.514701742606891,0.003245830535888672
1649267685.7466671,2.514576738792077,0.0026102066040039062
1649267685.757316,2.514701742606891,0.003254413604736328
1649267685.767268,2.5152017578661456,0.0032112598419189453
1649267685.7772799,2.516826807458724,0.0032219886779785156
1649267685.7872775,2.51670180364391,0.0032203197479248047
1649267685.797277,2.5169518112735374,0.0032181739807128906
